
  <record>
    <datafield tag="037" ind1=" " ind2=" ">
      <subfield code="a">CERN-EX-0104007</subfield>
    </datafield>
    <datafield tag="100" ind1=" " ind2=" ">
      <subfield code="a">Patrice Loïez</subfield>
    </datafield>
    <datafield tag="245" ind1=" " ind2=" ">
      <subfield code="a">The first CERN-built module of the barrel section of ATLAS's electromagnetic calorimeter</subfield>
    </datafield>
    <datafield tag="246" ind1=" " ind2="1">
      <subfield code="a">Premier module du tonneau du calorimètre electromagnétique d'ATLAS</subfield>
    </datafield>
    <datafield tag="260" ind1=" " ind2=" ">
      <subfield code="c">10 Apr 2001</subfield>
    </datafield>
    <datafield tag="340" ind1=" " ind2=" ">
      <subfield code="a">DIGITAL</subfield>
    </datafield>
    <datafield tag="520" ind1=" " ind2=" ">
      <subfield code="a">Behind the module, left to right Ralf Huber, Andreas Bies and Jorgen Beck Hansen. In front of the module, left to right: Philippe Lançon and Edward Wood.</subfield>
    </datafield>
    <datafield tag="590" ind1=" " ind2=" ">
      <subfield code="a">Derrière le module, de gauche à droite: Ralf Huber, Andreas Bies, Jorgen Beck Hansen. Devant le module, de gauche à droite : Philippe Lançon et Edward Wood.</subfield>
    </datafield>
    <datafield tag="595" ind1=" " ind2=" ">
      <subfield code="a">CERN EDS</subfield>
    </datafield>
    <datafield tag="650" ind1="1" ind2="7">
      <subfield code="2">SzGeCERN</subfield>
      <subfield code="a">Experiments and Tracks</subfield>
    </datafield>
    <datafield tag="856" ind1="0" ind2=" ">
      <subfield code="f">marie.noelle.pages.ribeiro@cern.ch</subfield>
    </datafield>
    <datafield tag="FFT" ind1=" " ind2=" ">
      <subfield code="a">http://invenio-software.org/download/invenio-demo-site-files/0104007_02.jpeg</subfield>
      <subfield code="x">http://invenio-software.org/download/invenio-demo-site-files/0104007_02.gif</subfield>
    </datafield>
    <datafield tag="909" ind1="C" ind2="0">
      <subfield code="o">0003601PHOPHO</subfield>
    </datafield>
    <datafield tag="909" ind1="C" ind2="0">
      <subfield code="y">2001</subfield>
    </datafield>
    <datafield tag="909" ind1="C" ind2="0">
      <subfield code="b">81</subfield>
    </datafield>
    <datafield tag="909" ind1="C" ind2="1">
      <subfield code="c">2001-04-23</subfield>
      <subfield code="l">50</subfield>
      <subfield code="m">2001-06-18</subfield>
      <subfield code="o">CM</subfield>
    </datafield>
    <datafield tag="909" ind1="C" ind2="K">
      <subfield code="b">0020699</subfield>
      <subfield code="l">ADMBUL</subfield>
      <subfield code="t">CERN Bulletin 18/2001 : 30 April 2001 (English)</subfield>
    </datafield>
    <datafield tag="909" ind1="C" ind2="K">
      <subfield code="b">0020700</subfield>
      <subfield code="l">ADMBUL</subfield>
      <subfield code="t">CERN Bulletin 18/2001 : 30 avril 2001 (French)</subfield>
    </datafield>
    <datafield tag="909" ind1="C" ind2="P">
      <subfield code="p">Bldg. 184</subfield>
    </datafield>
    <datafield tag="909" ind1="C" ind2="P">
      <subfield code="r">Fassnacht, P</subfield>
    </datafield>
    <datafield tag="909" ind1="C" ind2="S">
      <subfield code="s">n</subfield>
      <subfield code="w">200231</subfield>
    </datafield>
    <datafield tag="980" ind1=" " ind2=" ">
      <subfield code="a">PICTURE</subfield>
    </datafield>
  </record>