
  <record>
    <datafield tag="037" ind1=" " ind2=" ">
      <subfield code="a">CERN-HI-6902127</subfield>
    </datafield>
    <datafield tag="245" ind1=" " ind2=" ">
      <subfield code="a">European Molecular Biology Conference</subfield>
    </datafield>
    <datafield tag="260" ind1=" " ind2=" ">
      <subfield code="c">Jul 1969</subfield>
    </datafield>
    <datafield tag="520" ind1=" " ind2=" ">
      <subfield code="a">In February, the Agreement establishing the European Molecular Biology Conference was signed at CERN. Willy Spuhler is signing for Switzerland.</subfield>
    </datafield>
    <datafield tag="650" ind1="1" ind2="7">
      <subfield code="2">SzGeCERN</subfield>
      <subfield code="a">Personalities and History of CERN</subfield>
    </datafield>
    <datafield tag="FFT" ind1=" " ind2=" ">
      <subfield code="a">http://invenio-software.org/download/invenio-demo-site-files/6902127.jpeg</subfield>
      <subfield code="x">http://invenio-software.org/download/invenio-demo-site-files/6902127.gif</subfield>
    </datafield>
    <datafield tag="909" ind1="C" ind2="0">
      <subfield code="o">0002690PHOPHO</subfield>
    </datafield>
    <datafield tag="909" ind1="C" ind2="0">
      <subfield code="y">1969</subfield>
    </datafield>
    <datafield tag="909" ind1="C" ind2="0">
      <subfield code="b">81</subfield>
    </datafield>
    <datafield tag="909" ind1="C" ind2="1">
      <subfield code="c">2000-06-13</subfield>
      <subfield code="l">50</subfield>
      <subfield code="m">2000-06-13</subfield>
      <subfield code="o">CM</subfield>
    </datafield>
    <datafield tag="909" ind1="C" ind2="P">
      <subfield code="s">127-2-69</subfield>
    </datafield>
    <datafield tag="909" ind1="C" ind2="S">
      <subfield code="s">n</subfield>
      <subfield code="w">200024</subfield>
    </datafield>
    <datafield tag="980" ind1=" " ind2=" ">
      <subfield code="a">PICTURE</subfield>
    </datafield>
  </record>