
  <record>
    <datafield tag="037" ind1=" " ind2=" ">
      <subfield code="a">CERN-DI-9906028</subfield>
    </datafield>
    <datafield tag="100" ind1=" " ind2=" ">
      <subfield code="a">J.L. Caron</subfield>
    </datafield>
    <datafield tag="245" ind1=" " ind2=" ">
      <subfield code="a">The Twenty Member States of CERN (with dates of accession) on 1 June 1999</subfield>
    </datafield>
    <datafield tag="260" ind1=" " ind2=" ">
      <subfield code="c">Jun 1999</subfield>
    </datafield>
    <datafield tag="520" ind1=" " ind2=" ">
      <subfield code="a">CERN Member States.</subfield>
    </datafield>
    <datafield tag="590" ind1=" " ind2=" ">
      <subfield code="a">Les Etats membres du CERN.</subfield>
    </datafield>
    <datafield tag="595" ind1=" " ind2=" ">
      <subfield code="a">Press</subfield>
    </datafield>
    <datafield tag="650" ind1="1" ind2="7">
      <subfield code="2">SzGeCERN</subfield>
      <subfield code="a">Diagrams and Charts</subfield>
    </datafield>
    <datafield tag="FFT" ind1=" " ind2=" ">
      <subfield code="a">http://invenio-software.org/download/invenio-demo-site-files/9906028_01.jpeg</subfield>
      <subfield code="x">http://invenio-software.org/download/invenio-demo-site-files/9906028_01.gif</subfield>
    </datafield>
    <datafield tag="909" ind1="C" ind2="0">
      <subfield code="o">0001754PHOPHO</subfield>
    </datafield>
    <datafield tag="909" ind1="C" ind2="0">
      <subfield code="y">1999</subfield>
    </datafield>
    <datafield tag="909" ind1="C" ind2="0">
      <subfield code="b">81</subfield>
    </datafield>
    <datafield tag="909" ind1="C" ind2="1">
      <subfield code="c">1999-06-17</subfield>
      <subfield code="l">50</subfield>
      <subfield code="m">2000-10-30</subfield>
      <subfield code="o">CM</subfield>
    </datafield>
    <datafield tag="909" ind1="C" ind2="S">
      <subfield code="s">n</subfield>
      <subfield code="w">199924</subfield>
    </datafield>
    <datafield tag="980" ind1=" " ind2=" ">
      <subfield code="a">PICTURE</subfield>
    </datafield>
  </record>