
  <record>
    <datafield tag="037" ind1=" " ind2=" ">
      <subfield code="a">CERN-DI-9905005</subfield>
    </datafield>
    <datafield tag="245" ind1=" " ind2=" ">
      <subfield code="a">High energy cosmic rays striking atoms at the top of the atmosphere give the rise to showers of particles striking the Earth's surface</subfield>
    </datafield>
    <datafield tag="246" ind1=" " ind2="1">
      <subfield code="a">Des rayons cosmiques de haute energie heurtent des atomes dans la haute atmosphere et donnent ainsi naissance a des gerbes de particules projetees sur la surface terrestre</subfield>
    </datafield>
    <datafield tag="260" ind1=" " ind2=" ">
      <subfield code="c">10 May 1999</subfield>
    </datafield>
    <datafield tag="340" ind1=" " ind2=" ">
      <subfield code="a">DIGITAL</subfield>
    </datafield>
    <datafield tag="595" ind1=" " ind2=" ">
      <subfield code="a">Press</subfield>
    </datafield>
    <datafield tag="650" ind1="1" ind2="7">
      <subfield code="2">SzGeCERN</subfield>
      <subfield code="a">Diagrams and Charts</subfield>
    </datafield>
    <datafield tag="856" ind1="0" ind2=" ">
      <subfield code="f">neil.calder@cern.ch</subfield>
    </datafield>
    <datafield tag="FFT" ind1=" " ind2=" ">
      <subfield code="a">http://invenio-software.org/download/invenio-demo-site-files/9905005_01.jpeg</subfield>
      <subfield code="x">http://invenio-software.org/download/invenio-demo-site-files/9905005_01.gif</subfield>
    </datafield>
    <datafield tag="909" ind1="C" ind2="0">
      <subfield code="o">0001626PHOPHO</subfield>
    </datafield>
    <datafield tag="909" ind1="C" ind2="0">
      <subfield code="y">1999</subfield>
    </datafield>
    <datafield tag="909" ind1="C" ind2="0">
      <subfield code="b">81</subfield>
    </datafield>
    <datafield tag="909" ind1="C" ind2="1">
      <subfield code="c">1999-05-10</subfield>
      <subfield code="l">50</subfield>
      <subfield code="m">2000-09-12</subfield>
      <subfield code="o">CM</subfield>
    </datafield>
    <datafield tag="909" ind1="C" ind2="P">
      <subfield code="p">Bldg. 60</subfield>
    </datafield>
    <datafield tag="909" ind1="C" ind2="P">
      <subfield code="r">Calder, N</subfield>
    </datafield>
    <datafield tag="909" ind1="C" ind2="S">
      <subfield code="s">n</subfield>
      <subfield code="w">200231</subfield>
    </datafield>
    <datafield tag="980" ind1=" " ind2=" ">
      <subfield code="a">PICTURE</subfield>
    </datafield>
  </record>