
  <record>
    <datafield tag="037" ind1=" " ind2=" ">
      <subfield code="a">CERN-GE-9806033</subfield>
    </datafield>
    <datafield tag="245" ind1=" " ind2=" ">
      <subfield code="a">Tim Berners-Lee</subfield>
      <subfield code="s">World-Wide Web inventor</subfield>
    </datafield>
    <datafield tag="260" ind1=" " ind2=" ">
      <subfield code="c">28 Jun 1998</subfield>
    </datafield>
    <datafield tag="520" ind1=" " ind2=" ">
      <subfield code="a">Conference "Internet, Web, What's next?" on 26 June 1998 at CERN : Tim Berners-Lee, inventor of the World-Wide Web and Director of the W3C, explains how the Web came to be and give his views on the future.</subfield>
    </datafield>
    <datafield tag="590" ind1=" " ind2=" ">
      <subfield code="a">Conference "Internet, Web, What's next?" le 26 juin 1998 au CERN: Tim Berners-Lee, inventeur du World-Wide Web et directeur du W3C, explique comment le Web est ne, et donne ses opinions sur l'avenir.</subfield>
    </datafield>
    <datafield tag="595" ind1=" " ind2=" ">
      <subfield code="a">Press</subfield>
    </datafield>
    <datafield tag="650" ind1="1" ind2="7">
      <subfield code="2">SzGeCERN</subfield>
      <subfield code="a">Life at CERN</subfield>
    </datafield>
    <datafield tag="856" ind1="0" ind2=" ">
      <subfield code="f">neil.calder@cern.ch</subfield>
    </datafield>
    <datafield tag="FFT" ind1=" " ind2=" ">
      <subfield code="a">http://invenio-software.org/download/invenio-demo-site-files/9806033.jpeg</subfield>
      <subfield code="x">http://invenio-software.org/download/invenio-demo-site-files/9806033.gif</subfield>
    </datafield>
    <datafield tag="909" ind1="C" ind2="0">
      <subfield code="o">0000655PHOPHO</subfield>
    </datafield>
    <datafield tag="909" ind1="C" ind2="0">
      <subfield code="y">1998</subfield>
    </datafield>
    <datafield tag="909" ind1="C" ind2="0">
      <subfield code="b">81</subfield>
    </datafield>
    <datafield tag="909" ind1="C" ind2="1">
      <subfield code="c">1998-07-03</subfield>
      <subfield code="l">50</subfield>
      <subfield code="m">2001-07-10</subfield>
      <subfield code="o">CM</subfield>
    </datafield>
    <datafield tag="909" ind1="C" ind2="4">
      <subfield code="d">http://www.cern.ch/CERN/Announcements/1998/WebNext.html</subfield>
      <subfield code="p">"Internet, Web, What's next?" 26 June 1998</subfield>
    </datafield>
    <datafield tag="909" ind1="C" ind2="4">
      <subfield code="d">http://Bulletin.cern.ch/9828/art2/Text_E.html</subfield>
      <subfield code="p">CERN Bulletin no 28/98 (6 July 1998) (English)</subfield>
    </datafield>
    <datafield tag="909" ind1="C" ind2="4">
      <subfield code="d">http://Bulletin.cern.ch/9828/art2/Text_F.html</subfield>
      <subfield code="p">CERN Bulletin no 28/98 (6 juillet 1998) (French)</subfield>
    </datafield>
    <datafield tag="909" ind1="C" ind2="4">
      <subfield code="d">http://www.w3.org/People/Berners-Lee/</subfield>
      <subfield code="p">Biography</subfield>
    </datafield>
    <datafield tag="909" ind1="C" ind2="K">
      <subfield code="b">0000990</subfield>
      <subfield code="l">PRSPRS</subfield>
      <subfield code="t">Le Pays Gessien : 3 Jul 1998</subfield>
    </datafield>
    <datafield tag="909" ind1="C" ind2="K">
      <subfield code="b">0001037</subfield>
      <subfield code="l">PRSPRS</subfield>
      <subfield code="t">Le Temps : 27 Jun 1998</subfield>
    </datafield>
    <datafield tag="909" ind1="C" ind2="K">
      <subfield code="b">0000809</subfield>
      <subfield code="l">PRSPRS</subfield>
      <subfield code="t">La Tribune de Geneve : 27 Jun 1998</subfield>
    </datafield>
    <datafield tag="909" ind1="C" ind2="P">
      <subfield code="p">Bldg. 60</subfield>
    </datafield>
    <datafield tag="909" ind1="C" ind2="P">
      <subfield code="r">Calder, N</subfield>
    </datafield>
    <datafield tag="909" ind1="C" ind2="S">
      <subfield code="s">n</subfield>
      <subfield code="w">199827</subfield>
    </datafield>
    <datafield tag="980" ind1=" " ind2=" ">
      <subfield code="a">PICTURE</subfield>
    </datafield>
  </record>