
  <record>
    <datafield tag="037" ind1=" " ind2=" ">
      <subfield code="a">astro-ph/0101431</subfield>
    </datafield>
    <datafield tag="041" ind1=" " ind2=" ">
      <subfield code="a">eng</subfield>
    </datafield>
    <datafield tag="100" ind1=" " ind2=" ">
      <subfield code="a">Gray, M E</subfield>
      <subfield code="u">Cambridge University</subfield>
    </datafield>
    <datafield tag="245" ind1=" " ind2=" ">
      <subfield code="a">Infrared constraints on the dark mass concentration observed in the cluster Abell 1942</subfield>
    </datafield>
    <datafield tag="260" ind1=" " ind2=" ">
      <subfield code="c">24 Jan 2001</subfield>
    </datafield>
    <datafield tag="300" ind1=" " ind2=" ">
      <subfield code="a">8 p</subfield>
    </datafield>
    <datafield tag="520" ind1=" " ind2=" ">
      <subfield code="a">We present a deep H-band image of the region in the vicinity of the cluster Abell 1942 containing the puzzling dark matter concentration detected in an optical weak lensing study by Erben et al. (2000). We demonstrate that ourlimiting magnitude, H=22, would be sufficient to detect clusters of appropriate mass out to redshifts comparable with the mean redshift of the background sources. Despite this, our infrared image reveals no obvious overdensity ofsources at the location of the lensing mass peak, nor an excess of sources in the I-H vs. H colour-magnitude diagram. We use this to further constrain the luminosity and mass-to-light ratio of the putative dark clump as a function ofits redshift. We find that for spatially-flat cosmologies, background lensing clusters with reasonable mass-to-light ratios lying in the redshift range 0&lt;z&lt;1 are strongly excluded, leaving open the possibility that the massconcentration is a new type of truly dark object.</subfield>
    </datafield>
    <datafield tag="595" ind1=" " ind2=" ">
      <subfield code="a">LANL EDS</subfield>
    </datafield>
    <datafield tag="650" ind1="1" ind2="7">
      <subfield code="2">SzGeCERN</subfield>
      <subfield code="a">Astrophysics and Astronomy</subfield>
    </datafield>
    <datafield tag="700" ind1=" " ind2=" ">
      <subfield code="a">Ellis, R S</subfield>
    </datafield>
    <datafield tag="700" ind1=" " ind2=" ">
      <subfield code="a">Lewis, J R</subfield>
    </datafield>
    <datafield tag="700" ind1=" " ind2=" ">
      <subfield code="a">McMahon, R G</subfield>
    </datafield>
    <datafield tag="700" ind1=" " ind2=" ">
      <subfield code="a">Firth, A E</subfield>
    </datafield>
    <datafield tag="856" ind1="0" ind2=" ">
      <subfield code="f">Meghan Gray &lt;meg@ast.cam.ac.uk&gt;</subfield>
    </datafield>
    <datafield tag="FFT" ind1=" " ind2=" ">
      <subfield code="a">http://invenio-software.org/download/invenio-demo-site-files/0101431.pdf</subfield>
    </datafield>
    <datafield tag="FFT" ind1=" " ind2=" ">
      <subfield code="a">http://invenio-software.org/download/invenio-demo-site-files/0101431.ps.gz</subfield>
    </datafield>
    <datafield tag="FFT" ind1=" " ind2=" ">
      <subfield code="a">http://invenio-software.org/download/invenio-demo-site-files/0101431.fig1.ps.gz</subfield>
      <subfield code="t">Additional</subfield>
    </datafield>
    <datafield tag="FFT" ind1=" " ind2=" ">
      <subfield code="a">http://invenio-software.org/download/invenio-demo-site-files/0101431.fig2.ps.gz</subfield>
      <subfield code="t">Additional</subfield>
    </datafield>
    <datafield tag="FFT" ind1=" " ind2=" ">
      <subfield code="a">http://invenio-software.org/download/invenio-demo-site-files/0101431.fig3.ps.gz</subfield>
      <subfield code="t">Additional</subfield>
    </datafield>
    <datafield tag="FFT" ind1=" " ind2=" ">
      <subfield code="a">http://invenio-software.org/download/invenio-demo-site-files/0101431.fig4.ps.gz</subfield>
      <subfield code="t">Additional</subfield>
    </datafield>
    <datafield tag="FFT" ind1=" " ind2=" ">
      <subfield code="a">http://invenio-software.org/download/invenio-demo-site-files/0101431.fig5a.ps.gz</subfield>
      <subfield code="t">Additional</subfield>
    </datafield>
    <datafield tag="FFT" ind1=" " ind2=" ">
      <subfield code="a">http://invenio-software.org/download/invenio-demo-site-files/0101431.fig5b.ps.gz</subfield>
      <subfield code="t">Additional</subfield>
    </datafield>
    <datafield tag="FFT" ind1=" " ind2=" ">
      <subfield code="a">http://invenio-software.org/download/invenio-demo-site-files/0101431.fig6.ps.gz</subfield>
      <subfield code="t">Additional</subfield>
    </datafield>
    <datafield tag="FFT" ind1=" " ind2=" ">
      <subfield code="a">http://invenio-software.org/download/invenio-demo-site-files/0101431.fig7.ps.gz</subfield>
      <subfield code="t">Additional</subfield>
    </datafield>
    <datafield tag="909" ind1="C" ind2="0">
      <subfield code="y">2001</subfield>
    </datafield>
    <datafield tag="909" ind1="C" ind2="0">
      <subfield code="b">11</subfield>
    </datafield>
    <datafield tag="909" ind1="C" ind2="1">
      <subfield code="u">Caltech</subfield>
    </datafield>
    <datafield tag="909" ind1="C" ind2="1">
      <subfield code="u">IoA, Cambridge</subfield>
    </datafield>
    <datafield tag="909" ind1="C" ind2="1">
      <subfield code="c">2001-01-25</subfield>
      <subfield code="l">00</subfield>
      <subfield code="m">2001-11-02</subfield>
      <subfield code="o">BATCH</subfield>
    </datafield>
    <datafield tag="909" ind1="C" ind2="1">
      <subfield code="y">Gray, Meghan E.</subfield>
    </datafield>
    <datafield tag="909" ind1="C" ind2="1">
      <subfield code="y">Ellis, Richard S.</subfield>
    </datafield>
    <datafield tag="909" ind1="C" ind2="1">
      <subfield code="y">Lewis, James R.</subfield>
    </datafield>
    <datafield tag="909" ind1="C" ind2="1">
      <subfield code="y">Mahon, Richard G. Mc</subfield>
    </datafield>
    <datafield tag="909" ind1="C" ind2="1">
      <subfield code="y">Firth, Andrew E.</subfield>
    </datafield>
    <datafield tag="909" ind1="C" ind2="4">
      <subfield code="p">Mon. Not. R. Astron. Soc.</subfield>
    </datafield>
    <datafield tag="909" ind1="C" ind2="S">
      <subfield code="s">n</subfield>
      <subfield code="w">200104</subfield>
    </datafield>
   <datafield tag="999" ind1="C" ind2="5">
      <subfield code="o"> </subfield>
      <subfield code="m">Allen S.W.,</subfield>
      <subfield code="s">Mon. Not. R. Astron. Soc. 296 (1998) 392</subfield>
   </datafield>
   <datafield tag="999" ind1="C" ind2="5">
      <subfield code="o"> </subfield>
      <subfield code="m">Bacon D., Refregier A., Ellis R.S.,</subfield>
      <subfield code="s">Mon. Not. R. Astron. Soc. 318 (2000) 625</subfield>
   </datafield>
   <datafield tag="999" ind1="C" ind2="5">
      <subfield code="o"> </subfield>
      <subfield code="m">Beckett M., Mackay C., McMahon R., Parry I., Ellis R.S., Chan S.J., Hoenig M.,</subfield>
      <subfield code="s">Proc. SPIE 3354 (1998) 431</subfield>
   </datafield>
   <datafield tag="999" ind1="C" ind2="5">
      <subfield code="o"> </subfield>
      <subfield code="m">Bertin E., Arnouts S., 1996, A&amp;Ann. Sci., 117, 393 Bonnet H., Mellier Y., Fort B.,</subfield>
      <subfield code="s">Astrophys. J. 427 (1994) 83</subfield>
   </datafield>
   <datafield tag="999" ind1="C" ind2="5">
      <subfield code="o"> </subfield>
      <subfield code="m">Bower R.G., Lucey J.R., Ellis R.S.,</subfield>
      <subfield code="s">Mon. Not. R. Astron. Soc. 254 (1992) 589</subfield>
   </datafield>
   <datafield tag="999" ind1="C" ind2="5">
      <subfield code="o"> </subfield>
      <subfield code="m">Bower R.G., Lucey J.R., Ellis R.S.,</subfield>
      <subfield code="s">Mon. Not. R. Astron. Soc. 254 (1992) 601</subfield>
   </datafield>
   <datafield tag="999" ind1="C" ind2="5">
      <subfield code="o"> </subfield>
      <subfield code="m">Clowe D., Luppino G.A., Kaiser N., Henry J.P., Gioia I.M., 1998, Astrophys. J., 497L Couch W.J., Ellis R.S., Malin D.F., MacLaren I.,</subfield>
      <subfield code="s">Mon. Not. R. Astron. Soc. 249 (1991) 606</subfield>
   </datafield>
   <datafield tag="999" ind1="C" ind2="5">
      <subfield code="o"> </subfield>
      <subfield code="m">da Costa L., et al.,</subfield>
      <subfield code="s">Astron. Astrophys. 343 (1999) 29</subfield>
   </datafield>
   <datafield tag="999" ind1="C" ind2="5">
      <subfield code="o"> </subfield>
      <subfield code="m">Erben T., van Waerbeke L., Mellier Y., Schneider P., Cuillandre J.-C., Castander F.J., Dantel-Fort M.,</subfield>
      <subfield code="s">Astron. Astrophys. 355 (2000) 23</subfield>
   </datafield>
   <datafield tag="999" ind1="C" ind2="5">
      <subfield code="o"> </subfield>
      <subfield code="m">Fahlman G., Kaiser N., Squires G., Woods D.,</subfield>
      <subfield code="s">Astrophys. J. 437 (1994) 56</subfield>
   </datafield>
   <datafield tag="999" ind1="C" ind2="5">
      <subfield code="o"> </subfield>
      <subfield code="m">Firth, A., 2000, Clustering at High Redshift, Astropart. Phys. Conference Series, Vol. 200, p. 404 Fischer P.,</subfield>
      <subfield code="s">Astron. J. 117 (1999) 2024</subfield>
   </datafield>
   <datafield tag="999" ind1="C" ind2="5">
      <subfield code="o"> </subfield>
      <subfield code="m">Gladders M.D., Yee H.K.C.,</subfield>
      <subfield code="s">Astron. J. 120 (2000) 2148</subfield>
   </datafield>
   <datafield tag="999" ind1="C" ind2="5">
      <subfield code="o"> </subfield>
      <subfield code="m">Gray M.E., Ellis R.S., Refregier A., Bézecourt J., McMahon R.G., Hoenig M.D : 318 (2000) 573 Hradecky V., Jones C., Donnelly R.H., Djorgovski S.G., Gal R.R., Odeqahn S.C.,</subfield>
      <subfield code="s">Astrophys. J. 543 (2000) 521</subfield>
   </datafield>
   <datafield tag="999" ind1="C" ind2="5">
      <subfield code="o"> </subfield>
      <subfield code="m">Kaiser N., Wilson G., Luppino G.A., 2000,</subfield>
      <subfield code="r">astro-ph/0003338</subfield>
   </datafield>
   <datafield tag="999" ind1="C" ind2="5">
      <subfield code="o"> </subfield>
      <subfield code="m">Kaiser N., Squires G.,</subfield>
      <subfield code="s">Astrophys. J. 404 (1993) 441</subfield>
   </datafield>
   <datafield tag="999" ind1="C" ind2="5">
      <subfield code="o"> </subfield>
      <subfield code="m">Kneib J.P., Ellis R.S., Smail I., Couch W.J., Sharples R.M.,</subfield>
      <subfield code="s">Astrophys. J. 471 (1996) 643</subfield>
   </datafield>
   <datafield tag="999" ind1="C" ind2="5">
      <subfield code="o"> </subfield>
      <subfield code="m">Marzke R., McCarthy P.J., Persson E., et al., 1999, Photometric Redshifts and the Detection of High Redshift Galaxies, Astropart. Phys. Conference Series, Vol. 191, p. 148 Menanteau F., Ellis R.S., Abraham R.G., Barger Astron. J., Cowie L.L.,</subfield>
      <subfield code="s">Mon. Not. R. Astron. Soc. 309 (1999) 208</subfield>
   </datafield>
   <datafield tag="999" ind1="C" ind2="5">
      <subfield code="o"> </subfield>
      <subfield code="m">Metzler C.A., White M., Loken C., 2000, Astrophys. J., submitted</subfield>
      <subfield code="r">astro-ph/0005442</subfield>
   </datafield>
   <datafield tag="999" ind1="C" ind2="5">
      <subfield code="o"> </subfield>
      <subfield code="m">Miralda-Escude J., Babul A.,</subfield>
      <subfield code="s">Astrophys. J. 449 (1995) 18</subfield>
   </datafield>
   <datafield tag="999" ind1="C" ind2="5">
      <subfield code="o"> </subfield>
      <subfield code="m">Persson S.E., Murphy D.C., Krzeminsky W., Rother M., Rieke M.J., 1998, Astron. J., 116 Refregier A., Heavens A., Heymans C.,</subfield>
      <subfield code="s">Mon. Not. R. Astron. Soc. 319 (2000) 649</subfield>
   </datafield>
   <datafield tag="999" ind1="C" ind2="5">
      <subfield code="o"> </subfield>
      <subfield code="m">Schneider P.,</subfield>
      <subfield code="s">Mon. Not. R. Astron. Soc. 283 (1996) 837</subfield>
   </datafield>
   <datafield tag="999" ind1="C" ind2="5">
      <subfield code="o"> </subfield>
      <subfield code="m">Smail I., Ellis R.S., Fitchett M.J., Edge A.C.,</subfield>
      <subfield code="s">Mon. Not. R. Astron. Soc. 273 (1995) 277</subfield>
   </datafield>
   <datafield tag="999" ind1="C" ind2="5">
      <subfield code="o"> </subfield>
      <subfield code="m">Smail I., Dressler A., Kneib J.-P., Ellis R.S., Couch W.J., Sharples R.M., Oemler Astron. J.,</subfield>
      <subfield code="s">Astrophys. J. 469 (1996) 508</subfield>
   </datafield>
   <datafield tag="999" ind1="C" ind2="5">
      <subfield code="o"> </subfield>
      <subfield code="m">Squires G., Neumann D.M., Kaiser N., Arnaud M., Babul A., Boehringer H., Fahlman G., Woods D.,</subfield>
      <subfield code="s">Astrophys. J. 482 (1997) 648</subfield>
   </datafield>
   <datafield tag="999" ind1="C" ind2="5">
      <subfield code="o"> </subfield>
      <subfield code="m">van Kampen E., Katgert P.,</subfield>
      <subfield code="s">Mon. Not. R. Astron. Soc. 289 (1997) 327</subfield>
   </datafield>
   <datafield tag="999" ind1="C" ind2="5">
      <subfield code="o"> </subfield>
      <subfield code="m">van Waerbeke L, et al.,</subfield>
      <subfield code="s">Astron. Astrophys. 538 (2000) 30</subfield>
   </datafield>
   <datafield tag="999" ind1="C" ind2="5">
      <subfield code="o"> </subfield>
      <subfield code="m">Whittman D.M., Tyson J.A., Kirkman D., Dell’Antonio, I., Bertstein G.,</subfield>
      <subfield code="s">Nature 405 (2000) 143</subfield>
   </datafield>
    <datafield tag="980" ind1=" " ind2=" ">
      <subfield code="a">PREPRINT</subfield>
    </datafield>
  </record>