
  <record>
    <datafield tag="037" ind1=" " ind2=" ">
      <subfield code="a">astro-ph/0104076</subfield>
    </datafield>
    <datafield tag="041" ind1=" " ind2=" ">
      <subfield code="a">eng</subfield>
    </datafield>
    <datafield tag="100" ind1=" " ind2=" ">
      <subfield code="a">Dev, A</subfield>
      <subfield code="u">Delhi University</subfield>
    </datafield>
    <datafield tag="245" ind1=" " ind2=" ">
      <subfield code="a">Cosmic equation of state, Gravitational Lensing Statistics and Merging of Galaxies</subfield>
    </datafield>
    <datafield tag="260" ind1=" " ind2=" ">
      <subfield code="c">4 Apr 2001</subfield>
    </datafield>
    <datafield tag="300" ind1=" " ind2=" ">
      <subfield code="a">28 p</subfield>
    </datafield>
    <datafield tag="520" ind1=" " ind2=" ">
      <subfield code="a">In this paper we investigate observational constraints on the cosmic equation of state of dark energy ($p = w \rho$) using gravitational lensing statistics. We carry out likelihood analysis of the lens surveys to constrain thecosmological parameters $\Omega_{m}$ and $w$. We start by constraining $\Omega_{m}$ and $w$ in the no-evolution model of galaxies where the comoving number density of galaxies is constant. We extend our study to evolutionary modelsof galaxies - Volmerange $&amp;$ Guiderdoni Model and Fast-Merging Model (of Broadhurst, Ellis $&amp;$ Glazebrook). For the no-evolution model we get $w \leq -0.24$ and $\Omega_{m}\leq 0.48$ at $1\sigma$ (68% confidence level). For theVolmerange $&amp;$ Guiderdoni Model we have $w \leq -0.2$ and $\Omega_{m} \leq 0.58$ at $1 \sigma$, and for the Fast Merging Model we get $w \leq -0.02$ and $\Omega_{m} \leq 0.93$ at $1\sigma$. For the case of constant $\Lambda$ ($w=-1$), all the models permit $\Omega_{m} = 0.3$ with 68% CL. We observe that the constraints on $w$ and $\Omega_{m}$ (and on $\Omega_{m}$ in the case of $w = -1$) obtained in the case of evolutionary models are weaker than thoseobtained in the case of the no-evolution model.</subfield>
    </datafield>
    <datafield tag="595" ind1=" " ind2=" ">
      <subfield code="a">LANL EDS</subfield>
    </datafield>
    <datafield tag="650" ind1="1" ind2="7">
      <subfield code="2">SzGeCERN</subfield>
      <subfield code="a">Astrophysics and Astronomy</subfield>
    </datafield>
    <datafield tag="700" ind1=" " ind2=" ">
      <subfield code="a">Jain, D</subfield>
    </datafield>
    <datafield tag="700" ind1=" " ind2=" ">
      <subfield code="a">Panchapakesan, N</subfield>
    </datafield>
    <datafield tag="700" ind1=" " ind2=" ">
      <subfield code="a">Mahajan, S</subfield>
    </datafield>
    <datafield tag="700" ind1=" " ind2=" ">
      <subfield code="a">Bhatia, V B</subfield>
    </datafield>
    <datafield tag="856" ind1="0" ind2=" ">
      <subfield code="f">Deepak Jain &lt;deepak@physics.du.ac.in&gt;</subfield>
    </datafield>
    <datafield tag="FFT" ind1=" " ind2=" ">
      <subfield code="a">http://invenio-software.org/download/invenio-demo-site-files/0104076.pdf</subfield>
    </datafield>
    <datafield tag="FFT" ind1=" " ind2=" ">
      <subfield code="a">http://invenio-software.org/download/invenio-demo-site-files/0104076.ps.gz</subfield>
    </datafield>
    <datafield tag="909" ind1="C" ind2="0">
      <subfield code="y">2001</subfield>
    </datafield>
    <datafield tag="909" ind1="C" ind2="0">
      <subfield code="b">10</subfield>
    </datafield>
    <datafield tag="909" ind1="C" ind2="1">
      <subfield code="u">Delhi University</subfield>
    </datafield>
    <datafield tag="909" ind1="C" ind2="1">
      <subfield code="c">2001-04-05</subfield>
      <subfield code="l">00</subfield>
      <subfield code="m">2001-04-10</subfield>
      <subfield code="o">BATCH</subfield>
    </datafield>
    <datafield tag="909" ind1="C" ind2="1">
      <subfield code="y">Dev, Abha</subfield>
    </datafield>
    <datafield tag="909" ind1="C" ind2="1">
      <subfield code="y">Jain, Deepak</subfield>
    </datafield>
    <datafield tag="909" ind1="C" ind2="5">
      <subfield code="b">CER</subfield>
    </datafield>
    <datafield tag="909" ind1="C" ind2="S">
      <subfield code="s">n</subfield>
      <subfield code="w">200231</subfield>
    </datafield>
    <datafield tag="980" ind1=" " ind2=" ">
      <subfield code="a">PREPRINT</subfield>
    </datafield>
    <datafield tag="999" ind1="C" ind2="5">
      <subfield code="o">[1]</subfield>
    </datafield>
    <datafield tag="999" ind1="C" ind2="5">
      <subfield code="m">S. Perlmutter et al</subfield>
      <subfield code="p">565</subfield>
      <subfield code="t">Astrophys. J.</subfield>
      <subfield code="v">517</subfield>
      <subfield code="y">1999</subfield>
      <subfield code="s">Astrophys. J. 517 (1999) 565</subfield>
    </datafield>
    <datafield tag="999" ind1="C" ind2="5">
      <subfield code="o">[2]</subfield>
    </datafield>
    <datafield tag="999" ind1="C" ind2="5">
      <subfield code="m">S. Perlmutter et al., Phy. Rev. Lett.: 83 (1999) 670</subfield>
    </datafield>
    <datafield tag="999" ind1="C" ind2="5">
      <subfield code="o">[3]</subfield>
    </datafield>
    <datafield tag="999" ind1="C" ind2="5">
      <subfield code="m">A. G. Riess et al</subfield>
      <subfield code="p">1009</subfield>
      <subfield code="t">Astron. J.</subfield>
      <subfield code="v">116</subfield>
      <subfield code="y">1998</subfield>
      <subfield code="s">Astron. J. 116 (1998) 1009</subfield>
    </datafield>
    <datafield tag="999" ind1="C" ind2="5">
      <subfield code="o">[4]</subfield>
    </datafield>
    <datafield tag="999" ind1="C" ind2="5">
      <subfield code="m">P. de Bernardis et al</subfield>
      <subfield code="p">955</subfield>
      <subfield code="t">Nature</subfield>
      <subfield code="v">404</subfield>
      <subfield code="y">2000</subfield>
      <subfield code="s">Nature 404 (2000) 955</subfield>
    </datafield>
    <datafield tag="999" ind1="C" ind2="5">
      <subfield code="o">[5]</subfield>
    </datafield>
    <datafield tag="999" ind1="C" ind2="5">
      <subfield code="m">P. J. Ostriker &amp; P. J. Steinhardt</subfield>
      <subfield code="p">600</subfield>
      <subfield code="t">Nature</subfield>
      <subfield code="v">377</subfield>
      <subfield code="y">1995</subfield>
      <subfield code="s">Nature 377 (1995) 600</subfield>
    </datafield>
    <datafield tag="999" ind1="C" ind2="5">
      <subfield code="o">[6]</subfield>
    </datafield>
    <datafield tag="999" ind1="C" ind2="5">
      <subfield code="m">V. Sahni &amp; Alexei Starobinsky, IJMP, D : 9 (2000) 373</subfield>
    </datafield>
    <datafield tag="999" ind1="C" ind2="5">
      <subfield code="o">[7]</subfield>
    </datafield>
    <datafield tag="999" ind1="C" ind2="5">
      <subfield code="m">L. F. Bloomfield Torres &amp; I. Waga</subfield>
      <subfield code="p">712</subfield>
      <subfield code="t">Mon. Not. R. Astron. Soc.</subfield>
      <subfield code="v">279</subfield>
      <subfield code="y">1996</subfield>
      <subfield code="s">Mon. Not. R. Astron. Soc. 279 (1996) 712</subfield>
    </datafield>
    <datafield tag="999" ind1="C" ind2="5">
      <subfield code="o">[8]</subfield>
    </datafield>
    <datafield tag="999" ind1="C" ind2="5">
      <subfield code="m">V. Silveira &amp; I. Waga</subfield>
      <subfield code="p">4890</subfield>
      <subfield code="t">Phys. Rev., D</subfield>
      <subfield code="v">50</subfield>
      <subfield code="y">1994</subfield>
      <subfield code="s">Phys. Rev. D 50 (1994) 4890</subfield>
    </datafield>
    <datafield tag="999" ind1="C" ind2="5">
      <subfield code="o">[9]</subfield>
    </datafield>
    <datafield tag="999" ind1="C" ind2="5">
      <subfield code="m">V.Silveira &amp; I. Waga</subfield>
      <subfield code="p">4625</subfield>
      <subfield code="t">Phys. Rev., D</subfield>
      <subfield code="v">56</subfield>
      <subfield code="y">1997</subfield>
      <subfield code="s">Phys. Rev. D 56 (1997) 4625</subfield>
    </datafield>
    <datafield tag="999" ind1="C" ind2="5">
      <subfield code="o">[10]</subfield>
    </datafield>
    <datafield tag="999" ind1="C" ind2="5">
      <subfield code="m">I. Waga &amp; Ana P. M. R. Miceli, Phy. Rev. D : 59 (1999) 103507</subfield>
    </datafield>
    <datafield tag="999" ind1="C" ind2="5">
      <subfield code="o">[11]</subfield>
    </datafield>
    <datafield tag="999" ind1="C" ind2="5">
      <subfield code="m">M. S. Turner &amp; M. White, Phy. Rev. D : 56 (1997) 4439</subfield>
    </datafield>
    <datafield tag="999" ind1="C" ind2="5">
      <subfield code="o">[12]</subfield>
    </datafield>
    <datafield tag="999" ind1="C" ind2="5">
      <subfield code="m">D. Huterer &amp; M. S. Turner, Phy. Rev. D : 60 (1999) 081301</subfield>
    </datafield>
    <datafield tag="999" ind1="C" ind2="5">
      <subfield code="o">[13]</subfield>
    </datafield>
    <datafield tag="999" ind1="C" ind2="5">
      <subfield code="m">T. Chiba, N. Sugiyama &amp; T. Nakamura, Mon. Not. R. As-tron. Soc.: 289 (1997) L5</subfield>
    </datafield>
    <datafield tag="999" ind1="C" ind2="5">
      <subfield code="o">[14]</subfield>
    </datafield>
    <datafield tag="999" ind1="C" ind2="5">
      <subfield code="m">T. Chiba, N. Sugiyama &amp; T. Nakamura, Mon. Not. R. As-tron. Soc.: 301 (1998) 72</subfield>
    </datafield>
    <datafield tag="999" ind1="C" ind2="5">
      <subfield code="o">[15]</subfield>
    </datafield>
    <datafield tag="999" ind1="C" ind2="5">
      <subfield code="m">P. J. E. Peebles</subfield>
      <subfield code="p">439</subfield>
      <subfield code="t">Astrophys. J.</subfield>
      <subfield code="v">284</subfield>
      <subfield code="y">1984</subfield>
      <subfield code="s">Astrophys. J. 284 (1984) 439</subfield>
    </datafield>
    <datafield tag="999" ind1="C" ind2="5">
      <subfield code="o">[16]</subfield>
    </datafield>
    <datafield tag="999" ind1="C" ind2="5">
      <subfield code="m">B. Ratra &amp; P. J. E. Peebles, Phy. Rev. D : 37 (1988) 3406</subfield>
    </datafield>
    <datafield tag="999" ind1="C" ind2="5">
      <subfield code="o">[17]</subfield>
    </datafield>
    <datafield tag="999" ind1="C" ind2="5">
      <subfield code="m">R. R. Caldwell, R. Dave &amp; P. J. Steinhardt, Phy. Rev. Lett.: 80 (1998) 1582</subfield>
    </datafield>
    <datafield tag="999" ind1="C" ind2="5">
      <subfield code="o">[18]</subfield>
    </datafield>
    <datafield tag="999" ind1="C" ind2="5">
      <subfield code="m">G. Efstathiou</subfield>
      <subfield code="r">astro-ph/9904356</subfield>
    </datafield>
    <datafield tag="999" ind1="C" ind2="5">
      <subfield code="m">(1999)</subfield>
    </datafield>
    <datafield tag="999" ind1="C" ind2="5">
      <subfield code="o">[19]</subfield>
    </datafield>
    <datafield tag="999" ind1="C" ind2="5">
      <subfield code="m">J. A. S. Lima &amp; J. S. Alcaniz</subfield>
      <subfield code="p">893</subfield>
      <subfield code="t">Mon. Not. R. Astron. Soc.</subfield>
      <subfield code="v">317</subfield>
      <subfield code="y">2000</subfield>
      <subfield code="s">Mon. Not. R. Astron. Soc. 317 (2000) 893</subfield>
    </datafield>
    <datafield tag="999" ind1="C" ind2="5">
      <subfield code="o">[20]</subfield>
    </datafield>
    <datafield tag="999" ind1="C" ind2="5">
      <subfield code="m">Wang et al</subfield>
      <subfield code="p">17</subfield>
      <subfield code="t">Astrophys. J.</subfield>
      <subfield code="v">530</subfield>
      <subfield code="y">2000</subfield>
      <subfield code="s">Astrophys. J. 530 (2000) 17</subfield>
    </datafield>
    <datafield tag="999" ind1="C" ind2="5">
      <subfield code="o">[21]</subfield>
    </datafield>
    <datafield tag="999" ind1="C" ind2="5">
      <subfield code="m">H. W. Rix, D. Maoz, E. Turner &amp; M. Fukugita</subfield>
      <subfield code="p">49</subfield>
      <subfield code="t">Astrophys. J.</subfield>
      <subfield code="v">435</subfield>
      <subfield code="y">1994</subfield>
      <subfield code="s">Astrophys. J. 435 (1994) 49</subfield>
    </datafield>
    <datafield tag="999" ind1="C" ind2="5">
      <subfield code="o">[22]</subfield>
    </datafield>
    <datafield tag="999" ind1="C" ind2="5">
      <subfield code="m">S. Mao &amp; C. S. Kochanek</subfield>
      <subfield code="p">569</subfield>
      <subfield code="t">Mon. Not. R. Astron. Soc.</subfield>
      <subfield code="v">268</subfield>
      <subfield code="y">1994</subfield>
      <subfield code="s">Mon. Not. R. Astron. Soc. 268 (1994) 569</subfield>
    </datafield>
    <datafield tag="999" ind1="C" ind2="5">
      <subfield code="o">[23]</subfield>
    </datafield>
    <datafield tag="999" ind1="C" ind2="5">
      <subfield code="m">D. Jain, N. Panchapakesan, S. Mahajan &amp; V. B. Bhatia, MPLA : 15 (2000) 41</subfield>
    </datafield>
    <datafield tag="999" ind1="C" ind2="5">
      <subfield code="o">[24]</subfield>
    </datafield>
    <datafield tag="999" ind1="C" ind2="5">
      <subfield code="m">T. Broadhurst, R. Ellis &amp; K. Glazebrook</subfield>
      <subfield code="p">55</subfield>
      <subfield code="t">Nature</subfield>
      <subfield code="v">355</subfield>
      <subfield code="y">1992</subfield>
      <subfield code="s">Nature 355 (1992) 55</subfield>
    </datafield>
    <datafield tag="999" ind1="C" ind2="5">
      <subfield code="m">[BEG]</subfield>
    </datafield>
    <datafield tag="999" ind1="C" ind2="5">
      <subfield code="o">[25]</subfield>
    </datafield>
    <datafield tag="999" ind1="C" ind2="5">
      <subfield code="m">B. Rocca-Volmerange &amp; B. Guiderdoni, Mon. Not. R. As-tron. Soc.: 247 (1990) 166</subfield>
    </datafield>
    <datafield tag="999" ind1="C" ind2="5">
      <subfield code="o">[26]</subfield>
    </datafield>
    <datafield tag="999" ind1="C" ind2="5">
      <subfield code="m">A. Toomre, in The Evolution of Galaxies and Stellar Pop-ulations eds: B. M. Tinsley &amp; R. B. Larson ( Yale Univ. Observatory), p-401 (1977)</subfield>
    </datafield>
    <datafield tag="999" ind1="C" ind2="5">
      <subfield code="o">[27]</subfield>
    </datafield>
    <datafield tag="999" ind1="C" ind2="5">
      <subfield code="m">F. Schwezier</subfield>
      <subfield code="p">109</subfield>
      <subfield code="t">Astron. J.</subfield>
      <subfield code="v">111</subfield>
      <subfield code="y">1996</subfield>
      <subfield code="s">Astron. J. 111 (1996) 109</subfield>
    </datafield>
    <datafield tag="999" ind1="C" ind2="5">
      <subfield code="o">[28]</subfield>
    </datafield>
    <datafield tag="999" ind1="C" ind2="5">
      <subfield code="m">O. J. Eggen, D. Lynden-Bell &amp; A. R. Sandage</subfield>
      <subfield code="p">748</subfield>
      <subfield code="t">Astrophys. J.</subfield>
      <subfield code="v">136</subfield>
      <subfield code="y">1962</subfield>
      <subfield code="s">Astrophys. J. 136 (1962) 748</subfield>
    </datafield>
    <datafield tag="999" ind1="C" ind2="5">
      <subfield code="o">[29]</subfield>
    </datafield>
    <datafield tag="999" ind1="C" ind2="5">
      <subfield code="m">R. B. Partridge &amp; P. J. E. Peebles</subfield>
      <subfield code="p">868</subfield>
      <subfield code="t">Astrophys. J.</subfield>
      <subfield code="v">147</subfield>
      <subfield code="y">1967</subfield>
      <subfield code="s">Astrophys. J. 147 (1967) 868</subfield>
    </datafield>
    <datafield tag="999" ind1="C" ind2="5">
      <subfield code="o">[30]</subfield>
    </datafield>
    <datafield tag="999" ind1="C" ind2="5">
      <subfield code="m">S. P. Driver et al</subfield>
      <subfield code="p">L23</subfield>
      <subfield code="t">Astrophys. J.</subfield>
      <subfield code="v">449</subfield>
      <subfield code="y">1995</subfield>
      <subfield code="s">Astrophys. J. 449 (1995) L23</subfield>
    </datafield>
    <datafield tag="999" ind1="C" ind2="5">
      <subfield code="o">[31]</subfield>
    </datafield>
    <datafield tag="999" ind1="C" ind2="5">
      <subfield code="m">J. M. Burkey et al</subfield>
      <subfield code="p">L13</subfield>
      <subfield code="t">Astrophys. J.</subfield>
      <subfield code="v">429</subfield>
      <subfield code="y">1994</subfield>
      <subfield code="s">Astrophys. J. 429 (1994) L13</subfield>
    </datafield>
    <datafield tag="999" ind1="C" ind2="5">
      <subfield code="o">[32]</subfield>
    </datafield>
    <datafield tag="999" ind1="C" ind2="5">
      <subfield code="m">S. M. Faber et al</subfield>
      <subfield code="p">668</subfield>
      <subfield code="t">Astrophys. J.</subfield>
      <subfield code="v">204</subfield>
      <subfield code="y">1976</subfield>
      <subfield code="s">Astrophys. J. 204 (1976) 668</subfield>
    </datafield>
    <datafield tag="999" ind1="C" ind2="5">
      <subfield code="o">[33]</subfield>
    </datafield>
    <datafield tag="999" ind1="C" ind2="5">
      <subfield code="m">R. G. Carlberg et al</subfield>
      <subfield code="p">540</subfield>
      <subfield code="t">Astrophys. J.</subfield>
      <subfield code="v">435</subfield>
      <subfield code="y">1994</subfield>
      <subfield code="s">Astrophys. J. 435 (1994) 540</subfield>
    </datafield>
    <datafield tag="999" ind1="C" ind2="5">
      <subfield code="o">[34]</subfield>
    </datafield>
    <datafield tag="999" ind1="C" ind2="5">
      <subfield code="m">S. E. Zepf</subfield>
      <subfield code="p">377</subfield>
      <subfield code="t">Nature</subfield>
      <subfield code="v">390</subfield>
      <subfield code="y">1997</subfield>
      <subfield code="s">Nature 390 (1997) 377</subfield>
    </datafield>
    <datafield tag="999" ind1="C" ind2="5">
      <subfield code="o">[35]</subfield>
    </datafield>
    <datafield tag="999" ind1="C" ind2="5">
      <subfield code="m">K. Glazebrook et al</subfield>
      <subfield code="p">157</subfield>
      <subfield code="t">Mon. Not. R. Astron. Soc.</subfield>
      <subfield code="v">273</subfield>
      <subfield code="y">1995</subfield>
      <subfield code="s">Mon. Not. R. Astron. Soc. 273 (1995) 157</subfield>
    </datafield>
    <datafield tag="999" ind1="C" ind2="5">
      <subfield code="o">[36]</subfield>
    </datafield>
    <datafield tag="999" ind1="C" ind2="5">
      <subfield code="m">S. J. Lilly et al</subfield>
      <subfield code="p">108</subfield>
      <subfield code="t">Astrophys. J.</subfield>
      <subfield code="v">455</subfield>
      <subfield code="y">1995</subfield>
      <subfield code="s">Astrophys. J. 455 (1995) 108</subfield>
    </datafield>
    <datafield tag="999" ind1="C" ind2="5">
      <subfield code="o">[37]</subfield>
    </datafield>
    <datafield tag="999" ind1="C" ind2="5">
      <subfield code="m">R. S. Ellis et al</subfield>
      <subfield code="p">235</subfield>
      <subfield code="t">Mon. Not. R. Astron. Soc.</subfield>
      <subfield code="v">280</subfield>
      <subfield code="y">1996</subfield>
      <subfield code="s">Mon. Not. R. Astron. Soc. 280 (1996) 235</subfield>
    </datafield>
    <datafield tag="999" ind1="C" ind2="5">
      <subfield code="o">[38]</subfield>
    </datafield>
    <datafield tag="999" ind1="C" ind2="5">
      <subfield code="m">R. S. Ellis, Ann. Rev</subfield>
      <subfield code="p">389</subfield>
      <subfield code="t">Astron. Astrophys.</subfield>
      <subfield code="v">35</subfield>
      <subfield code="y">1997</subfield>
      <subfield code="s">Astron. Astrophys. 35 (1997) 389</subfield>
    </datafield>
    <datafield tag="999" ind1="C" ind2="5">
      <subfield code="o">[39]</subfield>
    </datafield>
    <datafield tag="999" ind1="C" ind2="5">
      <subfield code="m">B. Guiderdoni &amp; B. Rocca-Volmerange</subfield>
      <subfield code="p">435</subfield>
      <subfield code="t">Astron. Astrophys.</subfield>
      <subfield code="v">252</subfield>
      <subfield code="y">1991</subfield>
      <subfield code="s">Astron. Astrophys. 252 (1991) 435</subfield>
    </datafield>
    <datafield tag="999" ind1="C" ind2="5">
      <subfield code="o">[40]</subfield>
    </datafield>
    <datafield tag="999" ind1="C" ind2="5">
      <subfield code="m">S. E. Zepf, &amp; D. C. Koo</subfield>
      <subfield code="p">34</subfield>
      <subfield code="t">Astrophys. J.</subfield>
      <subfield code="v">337</subfield>
      <subfield code="y">1989</subfield>
      <subfield code="s">Astrophys. J. 337 (1989) 34</subfield>
    </datafield>
    <datafield tag="999" ind1="C" ind2="5">
      <subfield code="o">[41]</subfield>
    </datafield>
    <datafield tag="999" ind1="C" ind2="5">
      <subfield code="m">H. K. C. Yee &amp; E. Ellingson</subfield>
      <subfield code="p">37</subfield>
      <subfield code="t">Astrophys. J.</subfield>
      <subfield code="v">445</subfield>
      <subfield code="y">1995</subfield>
      <subfield code="s">Astrophys. J. 445 (1995) 37</subfield>
    </datafield>
    <datafield tag="999" ind1="C" ind2="5">
      <subfield code="o">[42]</subfield>
    </datafield>
    <datafield tag="999" ind1="C" ind2="5">
      <subfield code="m">S. Cole et al</subfield>
      <subfield code="p">781</subfield>
      <subfield code="t">Mon. Not. R. Astron. Soc.</subfield>
      <subfield code="v">271</subfield>
      <subfield code="y">1994</subfield>
      <subfield code="s">Mon. Not. R. Astron. Soc. 271 (1994) 781</subfield>
    </datafield>
    <datafield tag="999" ind1="C" ind2="5">
      <subfield code="o">[43]</subfield>
    </datafield>
    <datafield tag="999" ind1="C" ind2="5">
      <subfield code="m">C. M. Baugh, S. Cole &amp; C. S. Frenk</subfield>
      <subfield code="p">L27</subfield>
      <subfield code="t">Mon. Not. R. Astron. Soc.</subfield>
      <subfield code="v">282</subfield>
      <subfield code="y">1996</subfield>
      <subfield code="s">Mon. Not. R. Astron. Soc. 282 (1996) L27</subfield>
    </datafield>
    <datafield tag="999" ind1="C" ind2="5">
      <subfield code="o">[44]</subfield>
    </datafield>
    <datafield tag="999" ind1="C" ind2="5">
      <subfield code="m">C. M. Baugh, S. Cole &amp; C. S. Frenk</subfield>
      <subfield code="p">1361</subfield>
      <subfield code="t">Mon. Not. R. Astron. Soc.</subfield>
      <subfield code="v">283</subfield>
      <subfield code="y">1996</subfield>
      <subfield code="s">Mon. Not. R. Astron. Soc. 283 (1996) 1361</subfield>
    </datafield>
    <datafield tag="999" ind1="C" ind2="5">
      <subfield code="o">[45]</subfield>
    </datafield>
    <datafield tag="999" ind1="C" ind2="5">
      <subfield code="m">C. M. Baugh et al</subfield>
      <subfield code="p">504</subfield>
      <subfield code="t">Astrophys. J.</subfield>
      <subfield code="v">498</subfield>
      <subfield code="y">1998</subfield>
      <subfield code="s">Astrophys. J. 498 (1998) 504</subfield>
    </datafield>
    <datafield tag="999" ind1="C" ind2="5">
      <subfield code="o">[46]</subfield>
    </datafield>
    <datafield tag="999" ind1="C" ind2="5">
      <subfield code="m">P. Schechter</subfield>
      <subfield code="p">297</subfield>
      <subfield code="t">Astrophys. J.</subfield>
      <subfield code="v">203</subfield>
      <subfield code="y">1976</subfield>
      <subfield code="s">Astrophys. J. 203 (1976) 297</subfield>
    </datafield>
    <datafield tag="999" ind1="C" ind2="5">
      <subfield code="o">[47]</subfield>
    </datafield>
    <datafield tag="999" ind1="C" ind2="5">
      <subfield code="m">W. H. Press &amp; P. Schechter</subfield>
      <subfield code="p">487</subfield>
      <subfield code="t">Astrophys. J.</subfield>
      <subfield code="v">187</subfield>
      <subfield code="y">1974</subfield>
      <subfield code="s">Astrophys. J. 187 (1974) 487</subfield>
    </datafield>
    <datafield tag="999" ind1="C" ind2="5">
      <subfield code="o">[48]</subfield>
    </datafield>
    <datafield tag="999" ind1="C" ind2="5">
      <subfield code="m">J. E. Gunn &amp; J. R. Gott</subfield>
      <subfield code="p">1</subfield>
      <subfield code="t">Astrophys. J.</subfield>
      <subfield code="v">176</subfield>
      <subfield code="y">1972</subfield>
      <subfield code="s">Astrophys. J. 176 (1972) 1</subfield>
    </datafield>
    <datafield tag="999" ind1="C" ind2="5">
      <subfield code="o">[49]</subfield>
    </datafield>
    <datafield tag="999" ind1="C" ind2="5">
      <subfield code="m">J. Loveday, B. A. Peterson, G. Efstathiou &amp; S. J. Maddox</subfield>
      <subfield code="p">338</subfield>
      <subfield code="t">Astrophys. J.</subfield>
      <subfield code="v">390</subfield>
      <subfield code="y">1994</subfield>
      <subfield code="s">Astrophys. J. 390 (1994) 338</subfield>
    </datafield>
    <datafield tag="999" ind1="C" ind2="5">
      <subfield code="o">[50]</subfield>
    </datafield>
    <datafield tag="999" ind1="C" ind2="5">
      <subfield code="m">E. L. Turner, J. P. ostriker &amp; J. R. Gott III</subfield>
      <subfield code="p">1</subfield>
      <subfield code="t">Astrophys. J.</subfield>
      <subfield code="v">284</subfield>
      <subfield code="y">1984</subfield>
      <subfield code="s">Astrophys. J. 284 (1984) 1</subfield>
    </datafield>
    <datafield tag="999" ind1="C" ind2="5">
      <subfield code="o">[51]</subfield>
    </datafield>
    <datafield tag="999" ind1="C" ind2="5">
      <subfield code="m">E. L. Turner</subfield>
      <subfield code="p">L43</subfield>
      <subfield code="t">Astrophys. J.</subfield>
      <subfield code="v">365</subfield>
      <subfield code="y">1990</subfield>
      <subfield code="s">Astrophys. J. 365 (1990) L43</subfield>
    </datafield>
    <datafield tag="999" ind1="C" ind2="5">
      <subfield code="o">[52]</subfield>
    </datafield>
    <datafield tag="999" ind1="C" ind2="5">
      <subfield code="m">M. Fukugita &amp; E. L. Turner</subfield>
      <subfield code="p">99</subfield>
      <subfield code="t">Mon. Not. R. Astron. Soc.</subfield>
      <subfield code="v">253</subfield>
      <subfield code="y">1991</subfield>
      <subfield code="s">Mon. Not. R. Astron. Soc. 253 (1991) 99</subfield>
    </datafield>
    <datafield tag="999" ind1="C" ind2="5">
      <subfield code="o">[53]</subfield>
    </datafield>
    <datafield tag="999" ind1="C" ind2="5">
      <subfield code="m">M. Fukugita, T. Futamase, M. Kasai &amp; E. L. Turner, As-trophys. J.: 393 (1992) 3</subfield>
    </datafield>
    <datafield tag="999" ind1="C" ind2="5">
      <subfield code="o">[54]</subfield>
    </datafield>
    <datafield tag="999" ind1="C" ind2="5">
      <subfield code="m">C. S. Kochanek</subfield>
      <subfield code="p">12</subfield>
      <subfield code="t">Astrophys. J.</subfield>
      <subfield code="v">419</subfield>
      <subfield code="y">1993</subfield>
      <subfield code="s">Astrophys. J. 419 (1993) 12</subfield>
    </datafield>
    <datafield tag="999" ind1="C" ind2="5">
      <subfield code="o">[55]</subfield>
    </datafield>
    <datafield tag="999" ind1="C" ind2="5">
      <subfield code="m">C. S. Kochanek</subfield>
      <subfield code="p">638</subfield>
      <subfield code="t">Astrophys. J.</subfield>
      <subfield code="v">466</subfield>
      <subfield code="y">1996</subfield>
      <subfield code="s">Astrophys. J. 466 (1996) 638</subfield>
    </datafield>
    <datafield tag="999" ind1="C" ind2="5">
      <subfield code="o">[56]</subfield>
    </datafield>
    <datafield tag="999" ind1="C" ind2="5">
      <subfield code="m">F. D. A. Hartwich &amp; D. Schade, Ann. Rev. Astron. Astro-phys.: 28 (1990) 437</subfield>
    </datafield>
    <datafield tag="999" ind1="C" ind2="5">
      <subfield code="o">[57]</subfield>
    </datafield>
    <datafield tag="999" ind1="C" ind2="5">
      <subfield code="m">Yu-Chung N. Cheng &amp; L. M. Krauss</subfield>
      <subfield code="p">697</subfield>
      <subfield code="t">Int. J. Mod. Phys., A</subfield>
      <subfield code="v">15</subfield>
      <subfield code="y">2000</subfield>
      <subfield code="s">Int. J. Mod. Phys. A 15 (2000) 697</subfield>
    </datafield>
    <datafield tag="999" ind1="C" ind2="5">
      <subfield code="o">[58]</subfield>
    </datafield>
    <datafield tag="999" ind1="C" ind2="5">
      <subfield code="m">J. N. Bahcall et al</subfield>
      <subfield code="p">56</subfield>
      <subfield code="t">Astrophys. J.</subfield>
      <subfield code="v">387</subfield>
      <subfield code="y">1992</subfield>
      <subfield code="s">Astrophys. J. 387 (1992) 56</subfield>
    </datafield>
    <datafield tag="999" ind1="C" ind2="5">
      <subfield code="o">[59]</subfield>
    </datafield>
    <datafield tag="999" ind1="C" ind2="5">
      <subfield code="m">P. C. Hewett et al., Astron. J.109, 1498(LBQS) (1995)</subfield>
    </datafield>
    <datafield tag="999" ind1="C" ind2="5">
      <subfield code="o">[60]</subfield>
    </datafield>
    <datafield tag="999" ind1="C" ind2="5">
      <subfield code="m">D. Maoz et al., Astrophys. J.409, 28(Snapshot) (1993)</subfield>
    </datafield>
    <datafield tag="999" ind1="C" ind2="5">
      <subfield code="o">[61]</subfield>
    </datafield>
    <datafield tag="999" ind1="C" ind2="5">
      <subfield code="m">D. Crampton, R. D. McClure &amp; J. M. Fletcher</subfield>
      <subfield code="p">23</subfield>
      <subfield code="t">Astrophys. J.</subfield>
      <subfield code="v">392</subfield>
      <subfield code="y">1992</subfield>
      <subfield code="s">Astrophys. J. 392 (1992) 23</subfield>
    </datafield>
    <datafield tag="999" ind1="C" ind2="5">
      <subfield code="o">[62]</subfield>
    </datafield>
    <datafield tag="999" ind1="C" ind2="5">
      <subfield code="m">H. K. C. Yee, A. V. Filippenko &amp; D. Tang</subfield>
      <subfield code="p">7</subfield>
      <subfield code="t">Astron. J.</subfield>
      <subfield code="v">105</subfield>
      <subfield code="y">1993</subfield>
      <subfield code="s">Astron. J. 105 (1993) 7</subfield>
    </datafield>
    <datafield tag="999" ind1="C" ind2="5">
      <subfield code="o">[63]</subfield>
    </datafield>
    <datafield tag="999" ind1="C" ind2="5">
      <subfield code="m">J. Surdej et al</subfield>
      <subfield code="p">2064</subfield>
      <subfield code="t">Astron. J.</subfield>
      <subfield code="v">105</subfield>
      <subfield code="y">1993</subfield>
      <subfield code="s">Astron. J. 105 (1993) 2064</subfield>
    </datafield>
    <datafield tag="999" ind1="C" ind2="5">
      <subfield code="o">[64]</subfield>
    </datafield>
    <datafield tag="999" ind1="C" ind2="5">
      <subfield code="m">D. Jain, N. Panchapakesan, S. Mahajan &amp; V. B. Bhatia</subfield>
      <subfield code="r">astro-ph/9807129</subfield>
    </datafield>
    <datafield tag="999" ind1="C" ind2="5">
      <subfield code="m">(1998)</subfield>
    </datafield>
    <datafield tag="999" ind1="C" ind2="5">
      <subfield code="o">[65]</subfield>
    </datafield>
    <datafield tag="999" ind1="C" ind2="5">
      <subfield code="m">D. Jain, N. Panchapakesan, S. Mahajan &amp; V. B. Bhatia, IJMP, A : 13 (1998) 4227</subfield>
    </datafield>
    <datafield tag="999" ind1="C" ind2="5">
      <subfield code="o">[66]</subfield>
    </datafield>
    <datafield tag="999" ind1="C" ind2="5">
      <subfield code="m">M. lampton, B. Margon &amp; S. Bowyer</subfield>
      <subfield code="p">177</subfield>
      <subfield code="t">Astrophys. J.</subfield>
      <subfield code="v">208</subfield>
      <subfield code="y">1976</subfield>
      <subfield code="s">Astrophys. J. 208 (1976) 177</subfield>
    </datafield>
  </record>