
  <record>
    <datafield tag="041" ind1=" " ind2=" ">
      <subfield code="a">eng</subfield>
    </datafield>
    <datafield tag="100" ind1=" " ind2=" ">
      <subfield code="a">Tavanapong, W</subfield>
      <subfield code="u">University of Central Florida</subfield>
    </datafield>
    <datafield tag="245" ind1=" " ind2=" ">
      <subfield code="a">A High-performance Video Browsing System</subfield>
    </datafield>
    <datafield tag="260" ind1=" " ind2=" ">
      <subfield code="a">Orlando, FL</subfield>
      <subfield code="b">Central Florida Univ.</subfield>
      <subfield code="c">1999</subfield>
    </datafield>
    <datafield tag="270" ind1=" " ind2=" ">
      <subfield code="g">dir.</subfield>
      <subfield code="p">Hua, K A</subfield>
    </datafield>
    <datafield tag="300" ind1=" " ind2=" ">
      <subfield code="a">172 p</subfield>
    </datafield>
    <datafield tag="500" ind1=" " ind2=" ">
      <subfield code="a">No fulltext</subfield>
    </datafield>
    <datafield tag="500" ind1=" " ind2=" ">
      <subfield code="a">Not held by the library</subfield>
    </datafield>
    <datafield tag="502" ind1=" " ind2=" ">
      <subfield code="a">Ph.D. : Univ. Central Florida : 1999</subfield>
    </datafield>
    <datafield tag="520" ind1=" " ind2=" ">
      <subfield code="a">Recent advances in multimedia processing technologies, internetworking technologies, and the World Wide Web phenomenon have resulted in a vast creation and use of digital videos in all kinds of applications ranging fromentertainment, business solutions, to education. Designing efficient techniques for searching and retrieving videos over the networks becomes increasingly more important as future applications will include a huge volume of multimediacontent. One practical approach to search for a video segment is as follows. Step 1: Apply an initial search to determine the set of candidate videos. Step 2: Browse the candidates to identify the relevant videos. Step 3: Searchwithin the relevant videos for interesting video segments. In practice, a user might have to iterate through these steps multiple times in order to locate the desired video segments. Independently, database researchers have beeninvestigating techniques for the initial search in Step 1. Multimedia researchers have proposed several techniques for video browsing in Step 2. Computer communications researchers have been investigating video delivery techniques. Iidentify that searching for video data is an interactive process which involves the transmission of video data. Developing techniques for each step independently could result in a system with less performance. In this dissertation, Ipresent a unified approach taking into accounts all fundamental characteristics of multimedia data. I evaluated the proposed techniques through both simulation and system implementation. The resulting system is less expensive andoffers better performance. The simulation results demonstrate that the proposed technique can offer video browsing and search operations with little delays and with minimum storage overhead at the server. Client machines can handletheir search operations without involving the server making the design more scalable, which is vital for large systems deployed over the Internet. The implemented system shows that the visual quality of the browsing and the searchoperations are excellent.</subfield>
    </datafield>
    <datafield tag="595" ind1=" " ind2=" ">
      <subfield code="a">PROQUEST200009</subfield>
    </datafield>
    <datafield tag="650" ind1="1" ind2="7">
      <subfield code="2">SzGeCERN</subfield>
      <subfield code="a">Computing and Computers</subfield>
    </datafield>
    <datafield tag="690" ind1="C" ind2=" ">
      <subfield code="a">THESIS</subfield>
    </datafield>
    <datafield tag="690" ind1="C" ind2=" ">
      <subfield code="a">notheld</subfield>
    </datafield>
    <datafield tag="909" ind1="C" ind2="0">
      <subfield code="y">1999</subfield>
    </datafield>
    <datafield tag="909" ind1="C" ind2="0">
      <subfield code="b">14</subfield>
    </datafield>
    <datafield tag="909" ind1="C" ind2="1">
      <subfield code="c">2000-09-22</subfield>
      <subfield code="l">00</subfield>
      <subfield code="m">2002-02-22</subfield>
      <subfield code="o">BATCH</subfield>
    </datafield>
    <datafield tag="909" ind1="C" ind2="O">
      <subfield code="i">PROQUEST</subfield>
      <subfield code="s">9923724</subfield>
    </datafield>
    <datafield tag="909" ind1="C" ind2="O">
      <subfield code="i">PROQUEST</subfield>
      <subfield code="s">DAI-B60/03p1177Sep1999</subfield>
    </datafield>
    <datafield tag="909" ind1="C" ind2="S">
      <subfield code="s">n</subfield>
      <subfield code="w">200034</subfield>
    </datafield>
    <datafield tag="980" ind1=" " ind2=" ">
      <subfield code="a">THESIS</subfield>
    </datafield>
  </record>