
  <record>
    <datafield tag="041" ind1=" " ind2=" ">
      <subfield code="a">eng</subfield>
    </datafield>
    <datafield tag="100" ind1=" " ind2=" ">
      <subfield code="a">Topcuoglu, H R</subfield>
      <subfield code="u">Syracuse Univ.</subfield>
    </datafield>
    <datafield tag="245" ind1=" " ind2=" ">
      <subfield code="a">Scheduling Task Graphs In Heterogeneous Computing Environments</subfield>
    </datafield>
    <datafield tag="260" ind1=" " ind2=" ">
      <subfield code="a">Syracuse, NY</subfield>
      <subfield code="b">Syracuse Univ.</subfield>
      <subfield code="c">1999</subfield>
    </datafield>
    <datafield tag="270" ind1=" " ind2=" ">
      <subfield code="g">dir.</subfield>
      <subfield code="p">Hariri, S</subfield>
    </datafield>
    <datafield tag="300" ind1=" " ind2=" ">
      <subfield code="a">126 p</subfield>
    </datafield>
    <datafield tag="500" ind1=" " ind2=" ">
      <subfield code="a">No fulltext</subfield>
    </datafield>
    <datafield tag="500" ind1=" " ind2=" ">
      <subfield code="a">Not held by the library</subfield>
    </datafield>
    <datafield tag="502" ind1=" " ind2=" ">
      <subfield code="a">Ph.D. : Syracuse Univ. : 1999</subfield>
    </datafield>
    <datafield tag="520" ind1=" " ind2=" ">
      <subfield code="a">Efficient application scheduling is critical for achieving high performance in heterogeneous computing environments. An application is represented by a directed acyclic graph (DAG) whose nodes represent tasks and whose edgesrepresent communication messages and precedence constraints among the tasks. The general task-scheduling problem maps the tasks of an application on processors and orders their execution so that task precedence requirements aresatisfied and a minimum schedule length is obtained. The task-scheduling problem has been shown to be NP- complete in general cases as well as in several restricted cases. Although a large number of scheduling heuristics arepresented in the literature, most of them target homogeneous processors. Existing algorithms for heterogeneous processors are not generally efficient because of their high complexity and the quality of their results. This thesisstudies the scheduling of DAG-structured application tasks on heterogeneous domains. We develop two novel low-complexity and efficient scheduling algorithms for bounded number of heterogeneous processors, the HeterogeneousEarliest-Finish-Time (HEFT) algorithm and the Critical-Path-on-a-Processor (CPOP) algorithm. The experimental work presented in this thesis shows that these algorithms significantly surpass previous approaches in terms of performance(schedule length ratio, speed-up, and frequency of best results) and cost (running time and time complexity). Our experimental work includes randomly generated graphs and graphs deducted from real applications. As part of thecomparison study, a parametric graph generator is introduced to generate graphs with various characteristics. We also present a further optimization of the HEFT Algorithm by introducing alternative methods for task prioritizing andprocessor selection phases. A novel processor selection policy based on the earliest finish time of the critical child task improves the performance of the HEFT algorithm. Several strategies for selecting the critical child task of agiven task are presented. This thesis addresses embedding the task scheduling algorithms into an application-development environment for distributed resources. An analytical model is introduced for setting the computation costs oftasks and communication costs of edges of a graph. As part of the design framework of our application development environment, a novel, two-phase, distributed scheduling algorithm is presented for scheduling an application overwide-area distributed resources.</subfield>
    </datafield>
    <datafield tag="595" ind1=" " ind2=" ">
      <subfield code="a">PROQUEST200009</subfield>
    </datafield>
    <datafield tag="650" ind1="1" ind2="7">
      <subfield code="2">SzGeCERN</subfield>
      <subfield code="a">Computing and Computers</subfield>
    </datafield>
    <datafield tag="690" ind1="C" ind2=" ">
      <subfield code="a">THESIS</subfield>
    </datafield>
    <datafield tag="690" ind1="C" ind2=" ">
      <subfield code="a">notheld</subfield>
    </datafield>
    <datafield tag="909" ind1="C" ind2="0">
      <subfield code="y">1999</subfield>
    </datafield>
    <datafield tag="909" ind1="C" ind2="0">
      <subfield code="b">14</subfield>
    </datafield>
    <datafield tag="909" ind1="C" ind2="1">
      <subfield code="c">2000-09-22</subfield>
      <subfield code="l">00</subfield>
      <subfield code="m">2002-02-08</subfield>
      <subfield code="o">BATCH</subfield>
    </datafield>
    <datafield tag="909" ind1="C" ind2="O">
      <subfield code="i">PROQUEST</subfield>
      <subfield code="s">9946509</subfield>
    </datafield>
    <datafield tag="909" ind1="C" ind2="O">
      <subfield code="i">PROQUEST</subfield>
      <subfield code="s">DAI-B60/09p4718Mar2000</subfield>
    </datafield>
    <datafield tag="909" ind1="C" ind2="S">
      <subfield code="s">n</subfield>
      <subfield code="w">200034</subfield>
    </datafield>
    <datafield tag="980" ind1=" " ind2=" ">
      <subfield code="a">THESIS</subfield>
    </datafield>
  </record>