
  <record>
    <datafield tag="037" ind1=" " ind2=" ">
      <subfield code="a">gr-qc/0204045</subfield>
    </datafield>
    <datafield tag="041" ind1=" " ind2=" ">
      <subfield code="a">eng</subfield>
    </datafield>
    <datafield tag="100" ind1=" " ind2=" ">
      <subfield code="a">Khalatnikov, I M</subfield>
      <subfield code="u">L D Landau Institute for Theoretical Physics of Russian Academy of Sciences</subfield>
    </datafield>
    <datafield tag="245" ind1=" " ind2=" ">
      <subfield code="a">Comment about quasiisotropic solution of Einstein equations near cosmological singularity</subfield>
    </datafield>
    <datafield tag="260" ind1=" " ind2=" ">
      <subfield code="c">12 Apr 2002</subfield>
    </datafield>
    <datafield tag="300" ind1=" " ind2=" ">
      <subfield code="a">7 p</subfield>
    </datafield>
    <datafield tag="520" ind1=" " ind2=" ">
      <subfield code="a">We generalize for the case of arbitrary hydrodynamical matter the quasiisotropic solution of Einstein equations near cosmological singularity, found by Lifshitz and Khalatnikov in 1960 for the case of radiation-dominated universe. Itis shown that this solution always exists, but dependence of terms in the quasiisotropic expansion acquires a more complicated form.</subfield>
    </datafield>
    <datafield tag="595" ind1=" " ind2=" ">
      <subfield code="a">LANL EDS</subfield>
    </datafield>
    <datafield tag="650" ind1="1" ind2="7">
      <subfield code="2">SzGeCERN</subfield>
      <subfield code="a">General Relativity and Cosmology</subfield>
    </datafield>
    <datafield tag="700" ind1=" " ind2=" ">
      <subfield code="a">Kamenshchik, A Y</subfield>
    </datafield>
    <datafield tag="856" ind1="0" ind2=" ">
      <subfield code="f">Alexander Kamenshchik &lt;sasha.kamenshchik@centrovolta.it&gt;</subfield>
    </datafield>
    <datafield tag="FFT" ind1=" " ind2=" ">
      <subfield code="a">http://invenio-software.org/download/invenio-demo-site-files/0204045.pdf</subfield>
    </datafield>
    <datafield tag="FFT" ind1=" " ind2=" ">
      <subfield code="a">http://invenio-software.org/download/invenio-demo-site-files/0204045.ps.gz</subfield>
    </datafield>
    <datafield tag="909" ind1="C" ind2="5">
      <subfield code="b">CER</subfield>
    </datafield>
    <datafield tag="909" ind1="C" ind2="S">
      <subfield code="s">n</subfield>
      <subfield code="w">200231</subfield>
    </datafield>
    <datafield tag="909" ind1="C" ind2="0">
      <subfield code="y">2002</subfield>
    </datafield>
    <datafield tag="909" ind1="C" ind2="0">
      <subfield code="b">11</subfield>
    </datafield>
    <datafield tag="909" ind1="C" ind2="1">
      <subfield code="c">2002-04-15</subfield>
      <subfield code="l">00</subfield>
      <subfield code="m">2002-04-15</subfield>
      <subfield code="o">BATCH</subfield>
    </datafield>
    <datafield tag="980" ind1=" " ind2=" ">
      <subfield code="a">PREPRINT</subfield>
    </datafield>
    <datafield tag="999" ind1="C" ind2="5">
      <subfield code="o">[1]</subfield>
    </datafield>
    <datafield tag="999" ind1="C" ind2="5">
      <subfield code="m">Lifshitz E M and Khalatnikov I M 1960</subfield>
      <subfield code="p">149</subfield>
      <subfield code="t">Zh. Eksp. Teor. Fiz.</subfield>
      <subfield code="v">39</subfield>
      <subfield code="y">1960</subfield>
      <subfield code="s">Zh. Eksp. Teor. Fiz. 39 (1960) 149</subfield>
    </datafield>
    <datafield tag="999" ind1="C" ind2="5">
      <subfield code="o">[2]</subfield>
    </datafield>
    <datafield tag="999" ind1="C" ind2="5">
      <subfield code="m">Lifshitz E M and Khalatnikov I M 1964 Sov. Phys. Uspekhi 6 495</subfield>
    </datafield>
    <datafield tag="999" ind1="C" ind2="5">
      <subfield code="o">[3]</subfield>
    </datafield>
    <datafield tag="999" ind1="C" ind2="5">
      <subfield code="m">Landau L D and Lifshitz E M 1979 The Classical Theory of Fields (Perg-amon Press)</subfield>
    </datafield>
    <datafield tag="999" ind1="C" ind2="5">
      <subfield code="o">[4]</subfield>
    </datafield>
    <datafield tag="999" ind1="C" ind2="5">
      <subfield code="m">Starobinsky A A 1986 Stochastic De Sitter (inflationary stage) in the early universe in Field Theory, Quantum Gravity and Strings, (Eds. H.J. De Vega and N. Sanchez, Springer-Verlag, Berlin) 107; Linde A D 1990 Particle Physics and Inflationary Cosmology (Harward Academic Publishers, New York)</subfield>
    </datafield>
    <datafield tag="999" ind1="C" ind2="5">
      <subfield code="o">[5]</subfield>
    </datafield>
    <datafield tag="999" ind1="C" ind2="5">
      <subfield code="m">Banks T and Fischler W 2001 M theory observables for cosmolog-ical space-times</subfield>
      <subfield code="r">hep-th/0102077</subfield>
    </datafield>
    <datafield tag="999" ind1="C" ind2="5">
      <subfield code="m">An Holographic Cosmology</subfield>
      <subfield code="r">hep-th/0111142</subfield>
    </datafield>
    <datafield tag="999" ind1="C" ind2="5">
      <subfield code="o">[6]</subfield>
    </datafield>
    <datafield tag="999" ind1="C" ind2="5">
      <subfield code="m">Perlmutter S J et al 1999</subfield>
      <subfield code="p">565</subfield>
      <subfield code="t">Astrophys. J.</subfield>
      <subfield code="v">517</subfield>
      <subfield code="y">1999</subfield>
      <subfield code="s">Astrophys. J. 517 (1999) 565</subfield>
    </datafield>
    <datafield tag="999" ind1="C" ind2="5">
      <subfield code="m">Riess A et al 1998</subfield>
      <subfield code="p">1009</subfield>
      <subfield code="t">Astron. J.</subfield>
      <subfield code="v">116</subfield>
      <subfield code="y">1998</subfield>
      <subfield code="s">Astron. J. 116 (1998) 1009</subfield>
    </datafield>
    <datafield tag="999" ind1="C" ind2="5">
      <subfield code="o">[7]</subfield>
    </datafield>
    <datafield tag="999" ind1="C" ind2="5">
      <subfield code="m">Sahni V and Starobinsky A A 2000</subfield>
      <subfield code="p">373</subfield>
      <subfield code="t">Int. J. Mod. Phys., D</subfield>
      <subfield code="v">9</subfield>
      <subfield code="y">2000</subfield>
      <subfield code="s">Int. J. Mod. Phys. D 9 (2000) 373</subfield>
    </datafield>
  </record>