
  <record>
    <datafield tag="037" ind1=" " ind2=" ">
      <subfield code="a">gr-qc/0204046</subfield>
    </datafield>
    <datafield tag="041" ind1=" " ind2=" ">
      <subfield code="a">eng</subfield>
    </datafield>
    <datafield tag="100" ind1=" " ind2=" ">
      <subfield code="a">Bento, M C</subfield>
      <subfield code="u">CERN</subfield>
      <subfield code="0">INSTITUTE|(SzGeCERN)iii0002</subfield>
    </datafield>
    <datafield tag="245" ind1=" " ind2=" ">
      <subfield code="a">Supergravity Inflation on the Brane</subfield>
    </datafield>
    <datafield tag="260" ind1=" " ind2=" ">
      <subfield code="c">12 Apr 2002</subfield>
    </datafield>
    <datafield tag="300" ind1=" " ind2=" ">
      <subfield code="a">5 p</subfield>
    </datafield>
    <datafield tag="520" ind1=" " ind2=" ">
      <subfield code="a">We study N=1 Supergravity inflation in the context of the braneworld scenario. Particular attention is paid to the problem of the onset of inflation at sub-Planckian field values and the ensued inflationary observables. We find thatthe so-called $\eta$-problem encountered in supergravity inspired inflationary models can be solved in the context of the braneworld scenario, for some range of the parameters involved. Furthermore, we obtain an upper bound on thescale of the fifth dimension, $M_5 \lsim 10^{-3} M_P$, in case the inflationary potential is quadratic in the inflaton field, $\phi$. If the inflationary potential is cubic in $\phi$, consistency with observational data requires that$M_5 \simeq 9.2 \times 10^{-4} M_P$.</subfield>
    </datafield>
    <datafield tag="595" ind1=" " ind2=" ">
      <subfield code="a">LANL EDS</subfield>
    </datafield>
    <datafield tag="650" ind1="1" ind2="7">
      <subfield code="2">SzGeCERN</subfield>
      <subfield code="a">General Relativity and Cosmology</subfield>
    </datafield>
    <datafield tag="700" ind1=" " ind2=" ">
      <subfield code="a">Bertolami, O</subfield>
    </datafield>
    <datafield tag="700" ind1=" " ind2=" ">
      <subfield code="a">Sen, A A</subfield>
    </datafield>
    <datafield tag="856" ind1="0" ind2=" ">
      <subfield code="f">Maria da Conceicao Bento &lt;bento@sirius.ist.utl.pt&gt;</subfield>
    </datafield>
    <datafield tag="FFT" ind1=" " ind2=" ">
      <subfield code="a">http://invenio-software.org/download/invenio-demo-site-files/0204046.pdf</subfield>
    </datafield>
    <datafield tag="FFT" ind1=" " ind2=" ">
      <subfield code="a">http://invenio-software.org/download/invenio-demo-site-files/0204046.ps.gz</subfield>
    </datafield>
    <datafield tag="909" ind1="C" ind2="0">
      <subfield code="y">2002</subfield>
    </datafield>
    <datafield tag="909" ind1="C" ind2="0">
      <subfield code="b">11</subfield>
    </datafield>
    <datafield tag="909" ind1="C" ind2="1">
      <subfield code="c">2002-04-15</subfield>
      <subfield code="l">00</subfield>
      <subfield code="m">2002-04-15</subfield>
      <subfield code="o">BATCH</subfield>
    </datafield>
    <datafield tag="909" ind1="C" ind2="S">
      <subfield code="s">n</subfield>
      <subfield code="w">200216</subfield>
    </datafield>
   <datafield tag="999" ind1="C" ind2="5">
      <subfield code="o">[1]</subfield>
      <subfield code="m">R. Maartens, D. Wands, B.A. Bassett, I.P.C. Heard,</subfield>
      <subfield code="s">Phys. Rev. D 62 (2000) 041301</subfield>
   </datafield>
   <datafield tag="999" ind1="C" ind2="5">
      <subfield code="o">[2]</subfield>
      <subfield code="m">M.C. Bento, O. Bertolami,</subfield>
      <subfield code="s">Phys. Rev. D 65 (2002) 063513</subfield>
   </datafield>
   <datafield tag="999" ind1="C" ind2="5">
      <subfield code="o">[3]</subfield>
      <subfield code="m">O. Bertolami, G.G. Ross,</subfield>
      <subfield code="s">Phys. Lett. B 183 (1987) 163</subfield>
   </datafield>
   <datafield tag="999" ind1="C" ind2="5">
      <subfield code="o">[4]</subfield>
      <subfield code="m">J. McDonald, "F-term Hybrid Inflation, η-Problem and Extra Dimensions",</subfield>
      <subfield code="r">hep-ph/0201016</subfield>
   </datafield>
   <datafield tag="999" ind1="C" ind2="5">
      <subfield code="o">[5]</subfield>
      <subfield code="m">G. Dvali, Q. Shafi, R. Schaefer,</subfield>
      <subfield code="s">Phys. Rev. Lett. 73 (1994) 1886</subfield>
   </datafield>
   <datafield tag="999" ind1="C" ind2="5">
      <subfield code="o">[6]</subfield>
      <subfield code="m">A.D. Linde,</subfield>
      <subfield code="s">Phys. Lett. B 259 (1991) 38</subfield>
   </datafield>
   <datafield tag="999" ind1="C" ind2="5">
      <subfield code="o">[6]</subfield>
      <subfield code="m">M.C. Bento, O. Bertolami, P.M. Sá,</subfield>
      <subfield code="s">Phys. Lett. B 262 (1991) 11</subfield>
   </datafield>
   <datafield tag="999" ind1="C" ind2="5">
      <subfield code="o">[6]</subfield>
      <subfield code="s">Mod. Phys. Lett. A 7 (1992) 911</subfield>
   </datafield>
   <datafield tag="999" ind1="C" ind2="5">
      <subfield code="o">[6]</subfield>
      <subfield code="m">A.D. Linde,</subfield>
      <subfield code="s">Phys. Rev. D 49 (1994) 748</subfield>
   </datafield>
   <datafield tag="999" ind1="C" ind2="5">
      <subfield code="o">[7]</subfield>
      <subfield code="m">E.J. Copeland, A.R. Liddle, D.H. Lyth, E.D. Stewart, D. Wands,</subfield>
      <subfield code="s">Phys. Rev. D 49 (1994) 6410</subfield>
   </datafield>
   <datafield tag="999" ind1="C" ind2="5">
      <subfield code="o">[8]</subfield>
      <subfield code="m">L.E. Mendes, A.R. Liddle,</subfield>
      <subfield code="s">Phys. Rev. D 62 (2000) 103511</subfield>
   </datafield>
   <datafield tag="999" ind1="C" ind2="5">
      <subfield code="o">[9]</subfield>
      <subfield code="m">J.A. Adams, G.G. Ross, S. Sarkar,</subfield>
      <subfield code="s">Phys. Lett. B 391 (1997) 271</subfield>
   </datafield>
   <datafield tag="999" ind1="C" ind2="5">
      <subfield code="o">[10]</subfield>
      <subfield code="m">T. Shiromizu, K. Maeda, M. Sasaki,</subfield>
      <subfield code="s">Phys. Rev. D 62 (2000) 024012</subfield>
   </datafield>
   <datafield tag="999" ind1="C" ind2="5">
      <subfield code="o">[11]</subfield>
      <subfield code="m">P. Binétruy, C. Deffayet, U. Ellwanger, D. Langlois,</subfield>
      <subfield code="s">Phys. Lett. B 477 (2000) 285</subfield>
   </datafield>
   <datafield tag="999" ind1="C" ind2="5">
      <subfield code="o">[11]</subfield>
      <subfield code="m">E.E. Flanagan, S.H. Tye, I. Wasserman,</subfield>
      <subfield code="s">Phys. Rev. D 62 (2000) 044039</subfield>
   </datafield>
   <datafield tag="999" ind1="C" ind2="5">
      <subfield code="o">[12]</subfield>
      <subfield code="m">D. Langlois, R. Maartens, D. Wands,</subfield>
      <subfield code="s">Phys. Lett. B 489 (2000) 259</subfield>
   </datafield>
   <datafield tag="999" ind1="C" ind2="5">
      <subfield code="o">[13]</subfield>
      <subfield code="m">C.B. Netterfield Pryke, et al., "A Measurement by BOOMERANG of multiple peaks in the angular power spectrum of the cosmic microwave background", Ann. Sci.tro/ph0104460.</subfield>
   </datafield>
   <datafield tag="999" ind1="C" ind2="5">
      <subfield code="o">[14]</subfield>
      <subfield code="m">A.T. Lee, et al., "A High Spatial Resolution Analy-sis of the MAXIMA-1 Cosmic Microwave Background Anisotropy Data", Astronomy/ph0104459.</subfield>
   </datafield>
   <datafield tag="999" ind1="C" ind2="5">
      <subfield code="o">[15]</subfield>
      <subfield code="m">C. Pryke, et al., "Cosmological Parameter Extraction from the First Season of Observations with DASI", Ann. Sci.tro/ph0104490.</subfield>
   </datafield>
   <datafield tag="999" ind1="C" ind2="5">
      <subfield code="o">[16]</subfield>
      <subfield code="m">M.C. Bento, O. Bertolami,</subfield>
      <subfield code="s">Phys. Lett. B 384 (1996) 98</subfield>
   </datafield>
   <datafield tag="999" ind1="C" ind2="5">
      <subfield code="o">[17]</subfield>
      <subfield code="m">G.G. Ross, S. Sarkar,</subfield>
      <subfield code="s">Nucl. Phys. B 461 (1995) 597</subfield>
   </datafield>
    <datafield tag="980" ind1=" " ind2=" ">
      <subfield code="a">PREPRINT</subfield>
    </datafield>
  </record>