
  <record>
    <datafield tag="037" ind1=" " ind2=" ">
      <subfield code="a">hep-th/0204098</subfield>
    </datafield>
    <datafield tag="041" ind1=" " ind2=" ">
      <subfield code="a">eng</subfield>
    </datafield>
    <datafield tag="100" ind1=" " ind2=" ">
      <subfield code="a">Alhaidari, A D</subfield>
      <subfield code="u">King Fadh University</subfield>
    </datafield>
    <datafield tag="245" ind1=" " ind2=" ">
      <subfield code="a">Reply to 'Comment on "Solution of the Relativistic Dirac-Morse Problem"'</subfield>
    </datafield>
    <datafield tag="260" ind1=" " ind2=" ">
      <subfield code="c">11 Apr 2002</subfield>
    </datafield>
    <datafield tag="520" ind1=" " ind2=" ">
      <subfield code="a">This combines a reply to the Comment [hep-th/0203067 v1] by A. N. Vaidya and R. de L. Rodrigues with an erratum to our Letter [Phys. Rev. Lett. 87, 210405 (2001)]</subfield>
    </datafield>
    <datafield tag="595" ind1=" " ind2=" ">
      <subfield code="a">LANL EDS</subfield>
    </datafield>
    <datafield tag="650" ind1="1" ind2="7">
      <subfield code="2">SzGeCERN</subfield>
      <subfield code="a">Particle Physics - Theory</subfield>
    </datafield>
    <datafield tag="856" ind1="0" ind2=" ">
      <subfield code="f">A. D. Alhaidari &lt;haidari@kfupm.edu.sa&gt;</subfield>
    </datafield>
    <datafield tag="FFT" ind1=" " ind2=" ">
      <subfield code="a">http://invenio-software.org/download/invenio-demo-site-files/0204098.pdf</subfield>
    </datafield>
    <datafield tag="FFT" ind1=" " ind2=" ">
      <subfield code="a">http://invenio-software.org/download/invenio-demo-site-files/0204098.ps.gz</subfield>
    </datafield>
    <datafield tag="909" ind1="C" ind2="0">
      <subfield code="y">2002</subfield>
    </datafield>
    <datafield tag="909" ind1="C" ind2="0">
      <subfield code="b">11</subfield>
    </datafield>
    <datafield tag="909" ind1="C" ind2="1">
      <subfield code="c">2002-04-15</subfield>
      <subfield code="l">00</subfield>
      <subfield code="m">2002-04-15</subfield>
      <subfield code="o">BATCH</subfield>
    </datafield>
    <datafield tag="909" ind1="C" ind2="S">
      <subfield code="s">n</subfield>
      <subfield code="w">200216</subfield>
    </datafield>
   <datafield tag="999" ind1="C" ind2="5">
      <subfield code="o">[1]</subfield>
      <subfield code="m">A. D. Alhaidari,</subfield>
      <subfield code="s">Phys. Rev. Lett. 87 (2001) 210405</subfield>
   </datafield>
   <datafield tag="999" ind1="C" ind2="5">
      <subfield code="o">[2]</subfield>
      <subfield code="m">A. N. Vaidya and R. de L. Rodrigues,</subfield>
      <subfield code="r">hep-th/0203067</subfield>
   </datafield>
   <datafield tag="999" ind1="C" ind2="5">
      <subfield code="o">[3]</subfield>
      <subfield code="m">A. D. Alhaidari,</subfield>
      <subfield code="s">J. Phys. A 34 (2001) 9827</subfield>
   </datafield>
   <datafield tag="999" ind1="C" ind2="5">
      <subfield code="o">[3]</subfield>
      <subfield code="s">J. Phys. A 35 (2002) 3143</subfield>
   </datafield>
   <datafield tag="999" ind1="C" ind2="5">
      <subfield code="o">[4]</subfield>
      <subfield code="m">See for example G. A. Natanzon,</subfield>
      <subfield code="s">Teor. Mat. Fiz. 38 (1979) 146</subfield>
   </datafield>
   <datafield tag="999" ind1="C" ind2="5">
      <subfield code="o">[4]</subfield>
      <subfield code="m">L. E. Gendenshtein,</subfield>
      <subfield code="s">JETP Lett. 38 (1983) 356</subfield>
   </datafield>
   <datafield tag="999" ind1="C" ind2="5">
      <subfield code="o">[4]</subfield>
      <subfield code="m">F. Cooper, J. N. Ginocchi, and A. Khare,</subfield>
      <subfield code="s">Phys. Rev. D 36 (1987) 2438</subfield>
   </datafield>
   <datafield tag="999" ind1="C" ind2="5">
      <subfield code="o">[4]</subfield>
      <subfield code="m">R. Dutt, A. Khare, and U. P. Sukhatme,</subfield>
      <subfield code="s">Am. J. Phys. 56 (1988) 163</subfield>
   </datafield>
   <datafield tag="999" ind1="C" ind2="5">
      <subfield code="o">[4]</subfield>
      <subfield code="s">Am. J. Phys. 59 (1991) 723</subfield>
   </datafield>
   <datafield tag="999" ind1="C" ind2="5">
      <subfield code="o">[4]</subfield>
      <subfield code="m">G. Lévai,</subfield>
      <subfield code="s">J. Phys. A 22 (1989) 689</subfield>
   </datafield>
   <datafield tag="999" ind1="C" ind2="5">
      <subfield code="o">[4]</subfield>
      <subfield code="s">J. Phys. A 27 (1994) 3809</subfield>
   </datafield>
   <datafield tag="999" ind1="C" ind2="5">
      <subfield code="o">[4]</subfield>
      <subfield code="m">R. De, R. Dutt, and U. Sukhatme,</subfield>
      <subfield code="s">J. Phys. A 25 (1992) L843</subfield>
   </datafield>
   <datafield tag="999" ind1="C" ind2="5">
      <subfield code="o">[5]</subfield>
      <subfield code="m">See for example M. F. Manning,</subfield>
      <subfield code="s">Phys. Rev. 48 (1935) 161</subfield>
   </datafield>
   <datafield tag="999" ind1="C" ind2="5">
      <subfield code="o">[5]</subfield>
      <subfield code="m">A. Bhattacharjie and E. C. G. Sudarshan,</subfield>
      <subfield code="s">Nuovo Cimento 25 (1962) 864</subfield>
   </datafield>
   <datafield tag="999" ind1="C" ind2="5">
      <subfield code="o">[5]</subfield>
      <subfield code="m">N. K. Pak and I. Sökmen,</subfield>
      <subfield code="s">Phys. Lett. A 103 (1984) 298</subfield>
   </datafield>
   <datafield tag="999" ind1="C" ind2="5">
      <subfield code="o">[5]</subfield>
      <subfield code="m">H. G. Goldstein, Classical Mechanics (Addison-Wesley, Reading-MA 1986); R. Montemayer,</subfield>
      <subfield code="s">Phys. Rev. A 36 (1987) 1562</subfield>
   </datafield>
   <datafield tag="999" ind1="C" ind2="5">
      <subfield code="o">[5]</subfield>
      <subfield code="m">G. Junker,</subfield>
      <subfield code="s">J. Phys. A 23 (1990) L881</subfield>
   </datafield>
   <datafield tag="999" ind1="C" ind2="5">
      <subfield code="o">[6]</subfield>
      <subfield code="m">A. D. Alhaidari,</subfield>
      <subfield code="s">Phys. Rev. A 65 (2002) 042109</subfield>
   </datafield>
    <datafield tag="980" ind1=" " ind2=" ">
      <subfield code="a">PREPRINT</subfield>
    </datafield>
  </record>