
  <record>
    <datafield tag="037" ind1=" " ind2=" ">
      <subfield code="a">hep-th/0204099</subfield>
    </datafield>
    <datafield tag="041" ind1=" " ind2=" ">
      <subfield code="a">eng</subfield>
    </datafield>
    <datafield tag="088" ind1=" " ind2=" ">
      <subfield code="a">CU-TP-1043</subfield>
    </datafield>
    <datafield tag="100" ind1=" " ind2=" ">
      <subfield code="a">Easther, R</subfield>
      <subfield code="u">Columbia Univ.</subfield>
    </datafield>
    <datafield tag="245" ind1=" " ind2=" ">
      <subfield code="a">Cosmological String Gas on Orbifolds</subfield>
    </datafield>
    <datafield tag="260" ind1=" " ind2=" ">
      <subfield code="a">Irvington-on-Hudson, NY</subfield>
      <subfield code="b">Columbia Univ. Dept. Phys.</subfield>
      <subfield code="c">12 Apr 2002</subfield>
    </datafield>
    <datafield tag="300" ind1=" " ind2=" ">
      <subfield code="a">14 p</subfield>
    </datafield>
    <datafield tag="520" ind1=" " ind2=" ">
      <subfield code="a">It has long been known that strings wound around incontractible cycles can play a vital role in cosmology. In particular, in a spacetime with toroidal spatial hypersurfaces, the dynamics of the winding modes may help yield threelarge spatial dimensions. However, toroidal compactifications are phenomenologically unrealistic. In this paper we therefore take a first step toward extending these cosmological considerations to $D$-dimensional toroidal orbifolds.We use numerical simulation to study the timescales over which "pseudo-wound" strings unwind on these orbifolds with trivial fundamental group. We show that pseudo-wound strings can persist for many ``Hubble times'' in some of thesespaces, suggesting that they may affect the dynamics in the same way as genuinely wound strings. We also outline some possible extensions that include higher-dimensional wrapped branes.</subfield>
    </datafield>
    <datafield tag="595" ind1=" " ind2=" ">
      <subfield code="a">LANL EDS</subfield>
    </datafield>
    <datafield tag="650" ind1="1" ind2="7">
      <subfield code="2">SzGeCERN</subfield>
      <subfield code="a">Particle Physics - Theory</subfield>
    </datafield>
    <datafield tag="700" ind1=" " ind2=" ">
      <subfield code="a">Greene, B R</subfield>
    </datafield>
    <datafield tag="700" ind1=" " ind2=" ">
      <subfield code="a">Jackson, M G</subfield>
    </datafield>
    <datafield tag="856" ind1="0" ind2=" ">
      <subfield code="f">M. G. Jackson &lt;markj@phys.columbia.edu&gt;</subfield>
    </datafield>
    <datafield tag="FFT" ind1=" " ind2=" ">
      <subfield code="a">http://invenio-software.org/download/invenio-demo-site-files/0204099.pdf</subfield>
    </datafield>
    <datafield tag="FFT" ind1=" " ind2=" ">
      <subfield code="a">http://invenio-software.org/download/invenio-demo-site-files/0204099.ps.gz</subfield>
    </datafield>
    <datafield tag="909" ind1="C" ind2="5">
      <subfield code="b">CER</subfield>
    </datafield>
    <datafield tag="909" ind1="C" ind2="S">
      <subfield code="s">n</subfield>
      <subfield code="w">200231</subfield>
    </datafield>
    <datafield tag="909" ind1="C" ind2="0">
      <subfield code="y">2002</subfield>
    </datafield>
    <datafield tag="909" ind1="C" ind2="0">
      <subfield code="b">11</subfield>
    </datafield>
    <datafield tag="909" ind1="C" ind2="1">
      <subfield code="y">Easther, Richard</subfield>
    </datafield>
    <datafield tag="909" ind1="C" ind2="1">
      <subfield code="y">Greene, Brian R.</subfield>
    </datafield>
    <datafield tag="909" ind1="C" ind2="1">
      <subfield code="y">Jackson, Mark G.</subfield>
    </datafield>
    <datafield tag="909" ind1="C" ind2="1">
      <subfield code="c">2002-04-15</subfield>
      <subfield code="l">00</subfield>
      <subfield code="m">2002-04-15</subfield>
      <subfield code="o">BATCH</subfield>
    </datafield>
    <datafield tag="980" ind1=" " ind2=" ">
      <subfield code="a">PREPRINT</subfield>
    </datafield>
    <datafield tag="999" ind1="C" ind2="5">
      <subfield code="o">[1]</subfield>
    </datafield>
    <datafield tag="999" ind1="C" ind2="5">
      <subfield code="m">R. Brandenberger and C. Vafa</subfield>
      <subfield code="p">391</subfield>
      <subfield code="t">Nucl. Phys., B</subfield>
      <subfield code="v">316</subfield>
      <subfield code="y">1989</subfield>
      <subfield code="s">Nucl. Phys. B 316 (1989) 391</subfield>
    </datafield>
    <datafield tag="999" ind1="C" ind2="5">
      <subfield code="o">[2]</subfield>
    </datafield>
    <datafield tag="999" ind1="C" ind2="5">
      <subfield code="m">A. A. Tseytlin and C. Vafa</subfield>
      <subfield code="p">443</subfield>
      <subfield code="t">Nucl. Phys., B</subfield>
      <subfield code="v">372</subfield>
      <subfield code="y">1992</subfield>
      <subfield code="s">Nucl. Phys. B 372 (1992) 443</subfield>
    </datafield>
    <datafield tag="999" ind1="C" ind2="5">
      <subfield code="r">hep-th/9109048</subfield>
    </datafield>
    <datafield tag="999" ind1="C" ind2="5">
      <subfield code="o">[3]</subfield>
    </datafield>
    <datafield tag="999" ind1="C" ind2="5">
      <subfield code="m">M. Sakellariadou</subfield>
      <subfield code="p">319</subfield>
      <subfield code="t">Nucl. Phys., B</subfield>
      <subfield code="v">468</subfield>
      <subfield code="y">1996</subfield>
      <subfield code="s">Nucl. Phys. B 468 (1996) 319</subfield>
    </datafield>
    <datafield tag="999" ind1="C" ind2="5">
      <subfield code="r">hep-th/9511075</subfield>
    </datafield>
    <datafield tag="999" ind1="C" ind2="5">
      <subfield code="o">[4]</subfield>
    </datafield>
    <datafield tag="999" ind1="C" ind2="5">
      <subfield code="m">A. G. Smith and A. Vilenkin</subfield>
      <subfield code="p">990</subfield>
      <subfield code="t">Phys. Rev., D</subfield>
      <subfield code="v">36</subfield>
      <subfield code="y">1987</subfield>
      <subfield code="s">Phys. Rev. D 36 (1987) 990</subfield>
    </datafield>
    <datafield tag="999" ind1="C" ind2="5">
      <subfield code="o">[5]</subfield>
    </datafield>
    <datafield tag="999" ind1="C" ind2="5">
      <subfield code="m">R. Brandenberger, D. A. Easson and D. Kimberly</subfield>
      <subfield code="p">421</subfield>
      <subfield code="t">Nucl. Phys., B</subfield>
      <subfield code="v">623</subfield>
      <subfield code="y">2002</subfield>
      <subfield code="s">Nucl. Phys. B 623 (2002) 421</subfield>
    </datafield>
    <datafield tag="999" ind1="C" ind2="5">
      <subfield code="r">hep-th/0109165</subfield>
    </datafield>
    <datafield tag="999" ind1="C" ind2="5">
      <subfield code="o">[6]</subfield>
    </datafield>
    <datafield tag="999" ind1="C" ind2="5">
      <subfield code="m">B. R. Greene, A. D. Shapere, C. Vafa, and S. T. Yau</subfield>
      <subfield code="p">1</subfield>
      <subfield code="t">Nucl. Phys., B</subfield>
      <subfield code="v">337</subfield>
      <subfield code="y">1990</subfield>
      <subfield code="s">Nucl. Phys. B 337 (1990) 1</subfield>
    </datafield>
    <datafield tag="999" ind1="C" ind2="5">
      <subfield code="o">[7]</subfield>
    </datafield>
    <datafield tag="999" ind1="C" ind2="5">
      <subfield code="m">L. Dixon, J. Harvey, C. Vafa and E. Witten</subfield>
      <subfield code="p">678</subfield>
      <subfield code="t">Nucl. Phys., B</subfield>
      <subfield code="v">261</subfield>
      <subfield code="y">1985</subfield>
      <subfield code="s">Nucl. Phys. B 261 (1985) 678</subfield>
    </datafield>
    <datafield tag="999" ind1="C" ind2="5">
      <subfield code="m">L. Dixon, J. Harvey, C. Vafa and E. Witten</subfield>
      <subfield code="p">285</subfield>
      <subfield code="t">Nucl. Phys., B</subfield>
      <subfield code="v">274</subfield>
      <subfield code="y">1986</subfield>
      <subfield code="s">Nucl. Phys. B 274 (1986) 285</subfield>
    </datafield>
    <datafield tag="999" ind1="C" ind2="5">
      <subfield code="o">[8]</subfield>
    </datafield>
    <datafield tag="999" ind1="C" ind2="5">
      <subfield code="m">M. Sakellariadou and A. Vilenkin</subfield>
      <subfield code="p">885</subfield>
      <subfield code="t">Phys. Rev., D</subfield>
      <subfield code="v">37</subfield>
      <subfield code="y">1988</subfield>
      <subfield code="s">Phys. Rev. D 37 (1988) 885</subfield>
    </datafield>
    <datafield tag="999" ind1="C" ind2="5">
      <subfield code="o">[9]</subfield>
    </datafield>
    <datafield tag="999" ind1="C" ind2="5">
      <subfield code="m">J. J. Atick and E. Witten</subfield>
      <subfield code="p">291</subfield>
      <subfield code="t">Nucl. Phys., B</subfield>
      <subfield code="v">310</subfield>
      <subfield code="y">1988</subfield>
      <subfield code="s">Nucl. Phys. B 310 (1988) 291</subfield>
    </datafield>
    <datafield tag="999" ind1="C" ind2="5">
      <subfield code="o">[10]</subfield>
    </datafield>
    <datafield tag="999" ind1="C" ind2="5">
      <subfield code="m">D. Mitchell and N. Turok</subfield>
      <subfield code="p">1577</subfield>
      <subfield code="t">Phys. Rev. Lett.</subfield>
      <subfield code="v">58</subfield>
      <subfield code="y">1987</subfield>
      <subfield code="s">Phys. Rev. Lett. 58 (1987) 1577</subfield>
    </datafield>
    <datafield tag="999" ind1="C" ind2="5">
      <subfield code="m">Imperial College report, 1987 (unpublished)</subfield>
    </datafield>
    <datafield tag="999" ind1="C" ind2="5">
      <subfield code="o">[11]</subfield>
    </datafield>
    <datafield tag="999" ind1="C" ind2="5">
      <subfield code="m">S. Alexander, R. Brandenberger, and D. Easson</subfield>
      <subfield code="p">103509</subfield>
      <subfield code="t">Phys. Rev., D</subfield>
      <subfield code="v">62</subfield>
      <subfield code="y">2000</subfield>
      <subfield code="s">Phys. Rev. D 62 (2000) 103509</subfield>
    </datafield>
    <datafield tag="999" ind1="C" ind2="5">
      <subfield code="r">hep-th/0005212</subfield>
    </datafield>
    <datafield tag="999" ind1="C" ind2="5">
      <subfield code="o">[12]</subfield>
    </datafield>
    <datafield tag="999" ind1="C" ind2="5">
      <subfield code="m">D. Easson</subfield>
      <subfield code="r">hep-th/0110225</subfield>
    </datafield>
  </record>