
  <record>
    <datafield tag="037" ind1=" " ind2=" ">
      <subfield code="a">hep-ph/0204132</subfield>
    </datafield>
    <datafield tag="041" ind1=" " ind2=" ">
      <subfield code="a">eng</subfield>
    </datafield>
    <datafield tag="088" ind1=" " ind2=" ">
      <subfield code="a">NUC-MINN-02-3-T</subfield>
    </datafield>
    <datafield tag="100" ind1=" " ind2=" ">
      <subfield code="a">Shovkovy, I A</subfield>
      <subfield code="u">Minnesota Univ.</subfield>
    </datafield>
    <datafield tag="245" ind1=" " ind2=" ">
      <subfield code="a">Thermal conductivity of dense quark matter and cooling of stars</subfield>
    </datafield>
    <datafield tag="260" ind1=" " ind2=" ">
      <subfield code="a">Minneapolis, MN</subfield>
      <subfield code="b">Minnesota Univ.</subfield>
      <subfield code="c">11 Apr 2002</subfield>
    </datafield>
    <datafield tag="300" ind1=" " ind2=" ">
      <subfield code="a">9 p</subfield>
    </datafield>
    <datafield tag="520" ind1=" " ind2=" ">
      <subfield code="a">The thermal conductivity of the color-flavor locked phase of dense quark matter is calculated. The dominant contribution to the conductivity comes from photons and Nambu-Goldstone bosons associated with breaking of baryon numberwhich are trapped in the quark core. Because of their very large mean free path the conductivity is also very large. The cooling of the quark core arises mostly from the heat flux across the surface of direct contact with the nuclearmatter. As the thermal conductivity of the neighboring layer is also high, the whole interior of the star should be nearly isothermal. Our results imply that the cooling time of compact stars with color-flavor locked quark cores issimilar to that of ordinary neutron stars.</subfield>
    </datafield>
    <datafield tag="595" ind1=" " ind2=" ">
      <subfield code="a">LANL EDS</subfield>
    </datafield>
    <datafield tag="650" ind1="1" ind2="7">
      <subfield code="2">SzGeCERN</subfield>
      <subfield code="a">Particle Physics - Phenomenology</subfield>
    </datafield>
    <datafield tag="700" ind1=" " ind2=" ">
      <subfield code="a">Ellis, P J</subfield>
    </datafield>
    <datafield tag="856" ind1="0" ind2=" ">
      <subfield code="f">Igor Shovkovy &lt;shovkovy@physics.umn.edu&gt;</subfield>
    </datafield>
    <datafield tag="FFT" ind1=" " ind2=" ">
      <subfield code="a">http://invenio-software.org/download/invenio-demo-site-files/0204132.pdf</subfield>
    </datafield>
    <datafield tag="FFT" ind1=" " ind2=" ">
      <subfield code="a">http://invenio-software.org/download/invenio-demo-site-files/0204132.ps.gz</subfield>
    </datafield>
    <datafield tag="909" ind1="C" ind2="5">
      <subfield code="b">CER</subfield>
    </datafield>
    <datafield tag="909" ind1="C" ind2="S">
      <subfield code="s">n</subfield>
      <subfield code="w">200231</subfield>
    </datafield>
    <datafield tag="909" ind1="C" ind2="0">
      <subfield code="y">2002</subfield>
    </datafield>
    <datafield tag="909" ind1="C" ind2="0">
      <subfield code="b">11</subfield>
    </datafield>
    <datafield tag="909" ind1="C" ind2="1">
      <subfield code="y">Shovkovy, Igor A.</subfield>
    </datafield>
    <datafield tag="909" ind1="C" ind2="1">
      <subfield code="y">Ellis, Paul J.</subfield>
    </datafield>
    <datafield tag="909" ind1="C" ind2="1">
      <subfield code="c">2002-04-15</subfield>
      <subfield code="l">00</subfield>
      <subfield code="m">2002-04-15</subfield>
      <subfield code="o">BATCH</subfield>
    </datafield>
    <datafield tag="980" ind1=" " ind2=" ">
      <subfield code="a">PREPRINT</subfield>
    </datafield>
    <datafield tag="999" ind1="C" ind2="5">
      <subfield code="o">[1]</subfield>
    </datafield>
    <datafield tag="999" ind1="C" ind2="5">
      <subfield code="m">J.C. Collins and M.J. Perry</subfield>
      <subfield code="p">1353</subfield>
      <subfield code="t">Phys. Rev. Lett.</subfield>
      <subfield code="v">34</subfield>
      <subfield code="y">1975</subfield>
      <subfield code="s">Phys. Rev. Lett. 34 (1975) 1353</subfield>
    </datafield>
    <datafield tag="999" ind1="C" ind2="5">
      <subfield code="o">[2]</subfield>
    </datafield>
    <datafield tag="999" ind1="C" ind2="5">
      <subfield code="m">B. C. Barrois</subfield>
      <subfield code="p">390</subfield>
      <subfield code="t">Nucl. Phys., B</subfield>
      <subfield code="v">129</subfield>
      <subfield code="y">1977</subfield>
      <subfield code="s">Nucl. Phys. B 129 (1977) 390</subfield>
    </datafield>
    <datafield tag="999" ind1="C" ind2="5">
      <subfield code="m">S. C. Frautschi, in "Hadronic matter at extreme energy density", edited by N. Cabibbo and L. Sertorio (Plenum Press, 1980); D. Bailin and A. Love</subfield>
      <subfield code="p">325</subfield>
      <subfield code="t">Phys. Rep.</subfield>
      <subfield code="v">107</subfield>
      <subfield code="y">1984</subfield>
      <subfield code="s">Phys. Rep. 107 (1984) 325</subfield>
    </datafield>
    <datafield tag="999" ind1="C" ind2="5">
      <subfield code="o">[3]</subfield>
    </datafield>
    <datafield tag="999" ind1="C" ind2="5">
      <subfield code="m">M. G. Alford, K. Rajagopal and F. Wilczek</subfield>
      <subfield code="p">247</subfield>
      <subfield code="t">Phys. Lett., B</subfield>
      <subfield code="v">422</subfield>
      <subfield code="y">1998</subfield>
      <subfield code="s">Phys. Lett. B 422 (1998) 247</subfield>
    </datafield>
    <datafield tag="999" ind1="C" ind2="5">
      <subfield code="m">R. Rapp, T. Schäfer, E. V. Shuryak and M. Velkovsky</subfield>
      <subfield code="p">53</subfield>
      <subfield code="t">Phys. Rev. Lett.</subfield>
      <subfield code="v">81</subfield>
      <subfield code="y">1998</subfield>
      <subfield code="s">Phys. Rev. Lett. 81 (1998) 53</subfield>
    </datafield>
    <datafield tag="999" ind1="C" ind2="5">
      <subfield code="o">[4]</subfield>
    </datafield>
    <datafield tag="999" ind1="C" ind2="5">
      <subfield code="m">D. T. Son</subfield>
      <subfield code="p">094019</subfield>
      <subfield code="t">Phys. Rev., D</subfield>
      <subfield code="v">59</subfield>
      <subfield code="y">1999</subfield>
      <subfield code="s">Phys. Rev. D 59 (1999) 094019</subfield>
    </datafield>
    <datafield tag="999" ind1="C" ind2="5">
      <subfield code="m">R. D. Pisarski and D. H. Rischke</subfield>
      <subfield code="p">37</subfield>
      <subfield code="t">Phys. Rev. Lett.</subfield>
      <subfield code="v">83</subfield>
      <subfield code="y">1999</subfield>
      <subfield code="s">Phys. Rev. Lett. 83 (1999) 37</subfield>
    </datafield>
    <datafield tag="999" ind1="C" ind2="5">
      <subfield code="o">[5]</subfield>
    </datafield>
    <datafield tag="999" ind1="C" ind2="5">
      <subfield code="m">T. Schafer and F. Wilczek</subfield>
      <subfield code="p">114033</subfield>
      <subfield code="t">Phys. Rev., D</subfield>
      <subfield code="v">60</subfield>
      <subfield code="y">1999</subfield>
      <subfield code="s">Phys. Rev. D 60 (1999) 114033</subfield>
    </datafield>
    <datafield tag="999" ind1="C" ind2="5">
      <subfield code="m">D. K. Hong, V. A. Miransky, I. A. Shovkovy and L. C. R. Wijewardhana</subfield>
      <subfield code="p">056001</subfield>
      <subfield code="t">Phys. Rev., D</subfield>
      <subfield code="v">61</subfield>
      <subfield code="y">2000</subfield>
      <subfield code="s">Phys. Rev. D 61 (2000) 056001</subfield>
    </datafield>
    <datafield tag="999" ind1="C" ind2="5">
      <subfield code="m">erratum</subfield>
      <subfield code="p">059903</subfield>
      <subfield code="t">Phys. Rev., D</subfield>
      <subfield code="v">62</subfield>
      <subfield code="y">2000</subfield>
      <subfield code="s">Phys. Rev. D 62 (2000) 059903</subfield>
    </datafield>
    <datafield tag="999" ind1="C" ind2="5">
      <subfield code="m">R. D. Pisarski and D. H. Rischke</subfield>
      <subfield code="p">051501</subfield>
      <subfield code="t">Phys. Rev., D</subfield>
      <subfield code="v">61</subfield>
      <subfield code="y">2000</subfield>
      <subfield code="s">Phys. Rev. D 61 (2000) 051501</subfield>
    </datafield>
    <datafield tag="999" ind1="C" ind2="5">
      <subfield code="o">[6]</subfield>
    </datafield>
    <datafield tag="999" ind1="C" ind2="5">
      <subfield code="m">S. D. Hsu and M. Schwetz</subfield>
      <subfield code="p">211</subfield>
      <subfield code="t">Nucl. Phys., B</subfield>
      <subfield code="v">572</subfield>
      <subfield code="y">2000</subfield>
      <subfield code="s">Nucl. Phys. B 572 (2000) 211</subfield>
    </datafield>
    <datafield tag="999" ind1="C" ind2="5">
      <subfield code="m">W. E. Brown, J. T. Liu and H. C. Ren</subfield>
      <subfield code="p">114012</subfield>
      <subfield code="t">Phys. Rev., D</subfield>
      <subfield code="v">61</subfield>
      <subfield code="y">2000</subfield>
      <subfield code="s">Phys. Rev. D 61 (2000) 114012</subfield>
    </datafield>
    <datafield tag="999" ind1="C" ind2="5">
      <subfield code="o">[7]</subfield>
    </datafield>
    <datafield tag="999" ind1="C" ind2="5">
      <subfield code="m">I. A. Shovkovy and L. C. R. Wijewardhana</subfield>
      <subfield code="p">189</subfield>
      <subfield code="t">Phys. Lett., B</subfield>
      <subfield code="v">470</subfield>
      <subfield code="y">1999</subfield>
      <subfield code="s">Phys. Lett. B 470 (1999) 189</subfield>
    </datafield>
    <datafield tag="999" ind1="C" ind2="5">
      <subfield code="m">T. Schäfer</subfield>
      <subfield code="p">269</subfield>
      <subfield code="t">Nucl. Phys., B</subfield>
      <subfield code="v">575</subfield>
      <subfield code="y">2000</subfield>
      <subfield code="s">Nucl. Phys. B 575 (2000) 269</subfield>
    </datafield>
    <datafield tag="999" ind1="C" ind2="5">
      <subfield code="o">[8]</subfield>
    </datafield>
    <datafield tag="999" ind1="C" ind2="5">
      <subfield code="m">K. Rajagopal and F. Wilczek, arXiv</subfield>
      <subfield code="r">hep-ph/0011333</subfield>
    </datafield>
    <datafield tag="999" ind1="C" ind2="5">
      <subfield code="m">M. G. Alford</subfield>
      <subfield code="p">131</subfield>
      <subfield code="t">Annu. Rev. Nucl. Part. Sci.</subfield>
      <subfield code="v">51</subfield>
      <subfield code="y">2001</subfield>
      <subfield code="s">Annu. Rev. Nucl. Part. Sci. 51 (2001) 131</subfield>
    </datafield>
    <datafield tag="999" ind1="C" ind2="5">
      <subfield code="o">[9]</subfield>
    </datafield>
    <datafield tag="999" ind1="C" ind2="5">
      <subfield code="m">M. Alford and K. Rajagopal, arXiv</subfield>
      <subfield code="r">hep-ph/0204001</subfield>
    </datafield>
    <datafield tag="999" ind1="C" ind2="5">
      <subfield code="o">[10]</subfield>
    </datafield>
    <datafield tag="999" ind1="C" ind2="5">
      <subfield code="m">M. Alford, K. Rajagopal and F. Wilczek</subfield>
      <subfield code="p">443</subfield>
      <subfield code="t">Nucl. Phys., B</subfield>
      <subfield code="v">537</subfield>
      <subfield code="y">1999</subfield>
      <subfield code="s">Nucl. Phys. B 537 (1999) 443</subfield>
    </datafield>
    <datafield tag="999" ind1="C" ind2="5">
      <subfield code="o">[11]</subfield>
    </datafield>
    <datafield tag="999" ind1="C" ind2="5">
      <subfield code="m">R. Casalbuoni and R. Gatto</subfield>
      <subfield code="p">111</subfield>
      <subfield code="t">Phys. Lett., B</subfield>
      <subfield code="v">464</subfield>
      <subfield code="y">1999</subfield>
      <subfield code="s">Phys. Lett. B 464 (1999) 111</subfield>
    </datafield>
    <datafield tag="999" ind1="C" ind2="5">
      <subfield code="o">[12]</subfield>
    </datafield>
    <datafield tag="999" ind1="C" ind2="5">
      <subfield code="m">D. T. Son and M. A. Stephanov</subfield>
      <subfield code="p">074012</subfield>
      <subfield code="t">Phys. Rev., D</subfield>
      <subfield code="v">61</subfield>
      <subfield code="y">2000</subfield>
      <subfield code="s">Phys. Rev. D 61 (2000) 074012</subfield>
    </datafield>
    <datafield tag="999" ind1="C" ind2="5">
      <subfield code="m">erratum</subfield>
      <subfield code="p">059902</subfield>
      <subfield code="t">Phys. Rev., D</subfield>
      <subfield code="v">62</subfield>
      <subfield code="y">2000</subfield>
      <subfield code="s">Phys. Rev. D 62 (2000) 059902</subfield>
    </datafield>
    <datafield tag="999" ind1="C" ind2="5">
      <subfield code="o">[13]</subfield>
    </datafield>
    <datafield tag="999" ind1="C" ind2="5">
      <subfield code="m">P. F. Bedaque and T. Schäfer</subfield>
      <subfield code="p">802</subfield>
      <subfield code="t">Nucl. Phys., A</subfield>
      <subfield code="v">697</subfield>
      <subfield code="y">2002</subfield>
      <subfield code="s">Nucl. Phys. A 697 (2002) 802</subfield>
    </datafield>
    <datafield tag="999" ind1="C" ind2="5">
      <subfield code="o">[14]</subfield>
    </datafield>
    <datafield tag="999" ind1="C" ind2="5">
      <subfield code="m">V. A. Miransky and I. A. Shovkovy</subfield>
      <subfield code="p">111601</subfield>
      <subfield code="t">Phys. Rev. Lett.</subfield>
      <subfield code="v">88</subfield>
      <subfield code="y">2002</subfield>
      <subfield code="s">Phys. Rev. Lett. 88 (2002) 111601</subfield>
    </datafield>
    <datafield tag="999" ind1="C" ind2="5">
      <subfield code="m">[arXiv</subfield>
      <subfield code="r">hep-ph/0108178</subfield>
    </datafield>
    <datafield tag="999" ind1="C" ind2="5">
      <subfield code="m">T. Schafer, D. T. Son, M. A. Stephanov, D. Toublan and J. J. Ver-baarschot</subfield>
      <subfield code="p">67</subfield>
      <subfield code="t">Phys. Lett., B</subfield>
      <subfield code="v">522</subfield>
      <subfield code="y">2001</subfield>
      <subfield code="s">Phys. Lett. B 522 (2001) 67</subfield>
    </datafield>
    <datafield tag="999" ind1="C" ind2="5">
      <subfield code="m">[arXiv</subfield>
      <subfield code="r">hep-ph/0108210</subfield>
    </datafield>
    <datafield tag="999" ind1="C" ind2="5">
      <subfield code="o">[15]</subfield>
    </datafield>
    <datafield tag="999" ind1="C" ind2="5">
      <subfield code="m">D. T. Son, arXiv</subfield>
      <subfield code="r">hep-ph/0108260</subfield>
    </datafield>
    <datafield tag="999" ind1="C" ind2="5">
      <subfield code="o">[16]</subfield>
    </datafield>
    <datafield tag="999" ind1="C" ind2="5">
      <subfield code="m">P. Jaikumar, M. Prakash and T. Schäfer, arXiv</subfield>
      <subfield code="r">astro-ph/0203088</subfield>
    </datafield>
    <datafield tag="999" ind1="C" ind2="5">
      <subfield code="o">[17]</subfield>
    </datafield>
    <datafield tag="999" ind1="C" ind2="5">
      <subfield code="m">E. J. Ferrer, V. P. Gusynin and V. de la Incera, arXiv: cond-matt/0203217</subfield>
    </datafield>
    <datafield tag="999" ind1="C" ind2="5">
      <subfield code="o">[18]</subfield>
    </datafield>
    <datafield tag="999" ind1="C" ind2="5">
      <subfield code="m">I. S. Gradshteyn and I. M. Ryzhik, Tables of Integrals, Series and Products (Academic, New York, 1965) 3.252.9</subfield>
    </datafield>
    <datafield tag="999" ind1="C" ind2="5">
      <subfield code="o">[19]</subfield>
    </datafield>
    <datafield tag="999" ind1="C" ind2="5">
      <subfield code="m">J. J. Freeman and A. C. Anderson</subfield>
      <subfield code="p">5684</subfield>
      <subfield code="t">Phys. Rev., B</subfield>
      <subfield code="v">34</subfield>
      <subfield code="y">1986</subfield>
      <subfield code="s">Phys. Rev. B 34 (1986) 5684</subfield>
    </datafield>
    <datafield tag="999" ind1="C" ind2="5">
      <subfield code="o">[20]</subfield>
    </datafield>
    <datafield tag="999" ind1="C" ind2="5">
      <subfield code="m">C. Kittel, Introduction to Solid State Phys.(John Wi-ley &amp; Sons, Inc., 1960) p. 139</subfield>
    </datafield>
    <datafield tag="999" ind1="C" ind2="5">
      <subfield code="o">[21]</subfield>
    </datafield>
    <datafield tag="999" ind1="C" ind2="5">
      <subfield code="m">V. P. Gusynin and I. A. Shovkovy</subfield>
      <subfield code="p">577</subfield>
      <subfield code="t">Nucl. Phys., A</subfield>
      <subfield code="v">700</subfield>
      <subfield code="y">2002</subfield>
      <subfield code="s">Nucl. Phys. A 700 (2002) 577</subfield>
    </datafield>
    <datafield tag="999" ind1="C" ind2="5">
      <subfield code="o">[22]</subfield>
    </datafield>
    <datafield tag="999" ind1="C" ind2="5">
      <subfield code="m">I. M. Khalatnikov, An introduction to the theory of su-perfluidity, (Addison-Wesley Pub. Co., 1989)</subfield>
    </datafield>
    <datafield tag="999" ind1="C" ind2="5">
      <subfield code="o">[23]</subfield>
    </datafield>
    <datafield tag="999" ind1="C" ind2="5">
      <subfield code="m">P. A. Sturrock, Plasma Physics, (Cambridge University Press, 1994)</subfield>
    </datafield>
    <datafield tag="999" ind1="C" ind2="5">
      <subfield code="o">[24]</subfield>
    </datafield>
    <datafield tag="999" ind1="C" ind2="5">
      <subfield code="m">J. M. Lattimer, K. A. Van Riper, M. Prakash and M. Prakash</subfield>
      <subfield code="p">802</subfield>
      <subfield code="t">Astrophys. J.</subfield>
      <subfield code="v">425</subfield>
      <subfield code="y">1994</subfield>
      <subfield code="s">Astrophys. J. 425 (1994) 802</subfield>
    </datafield>
    <datafield tag="999" ind1="C" ind2="5">
      <subfield code="o">[25]</subfield>
    </datafield>
    <datafield tag="999" ind1="C" ind2="5">
      <subfield code="m">M. G. Alford, K. Rajagopal, S. Reddy and F. Wilczek</subfield>
      <subfield code="p">074017</subfield>
      <subfield code="t">Phys. Rev., D</subfield>
      <subfield code="v">64</subfield>
      <subfield code="y">2001</subfield>
      <subfield code="s">Phys. Rev. D 64 (2001) 074017</subfield>
    </datafield>
    <datafield tag="999" ind1="C" ind2="5">
      <subfield code="o">[26]</subfield>
    </datafield>
    <datafield tag="999" ind1="C" ind2="5">
      <subfield code="m">G. W. Carter and S. Reddy</subfield>
      <subfield code="p">103002</subfield>
      <subfield code="t">Phys. Rev., D</subfield>
      <subfield code="v">62</subfield>
      <subfield code="y">2000</subfield>
      <subfield code="s">Phys. Rev. D 62 (2000) 103002</subfield>
    </datafield>
    <datafield tag="999" ind1="C" ind2="5">
      <subfield code="o">[27]</subfield>
    </datafield>
    <datafield tag="999" ind1="C" ind2="5">
      <subfield code="m">A. W. Steiner, M. Prakash and J. M. Lattimer</subfield>
      <subfield code="p">10</subfield>
      <subfield code="t">Phys. Lett., B</subfield>
      <subfield code="v">509</subfield>
      <subfield code="y">2001</subfield>
      <subfield code="s">Phys. Lett. B 509 (2001) 10</subfield>
    </datafield>
    <datafield tag="999" ind1="C" ind2="5">
      <subfield code="m">[arXiv</subfield>
      <subfield code="r">astro-ph/0101566</subfield>
    </datafield>
    <datafield tag="999" ind1="C" ind2="5">
      <subfield code="o">[28]</subfield>
    </datafield>
    <datafield tag="999" ind1="C" ind2="5">
      <subfield code="m">S. Reddy, M. Sadzikowski and M. Tachibana, arXiv</subfield>
      <subfield code="r">nucl-th/0203011</subfield>
    </datafield>
    <datafield tag="999" ind1="C" ind2="5">
      <subfield code="o">[29]</subfield>
    </datafield>
    <datafield tag="999" ind1="C" ind2="5">
      <subfield code="m">M. Prakash, J. M. Lattimer, J. A. Pons, A. W. Steiner and S. Reddy</subfield>
      <subfield code="p">364</subfield>
      <subfield code="t">Lect. Notes Phys.</subfield>
      <subfield code="v">578</subfield>
      <subfield code="y">2001</subfield>
      <subfield code="s">Lect. Notes Phys. 578 (2001) 364</subfield>
    </datafield>
    <datafield tag="999" ind1="C" ind2="5">
      <subfield code="o">[30]</subfield>
    </datafield>
    <datafield tag="999" ind1="C" ind2="5">
      <subfield code="m">S. L. Shapiro and S. A. Teukolsky, Black holes, white dwarfs, and neutron stars: the physics of compact ob-jects, (John Wiley &amp; Sons, 1983)</subfield>
    </datafield>
    <datafield tag="999" ind1="C" ind2="5">
      <subfield code="o">[31]</subfield>
    </datafield>
    <datafield tag="999" ind1="C" ind2="5">
      <subfield code="m">D. Blaschke, H. Grigorian and D. N. Voskresensky, As-tron. Astrophys. : 368 (2001) 561</subfield>
    </datafield>
    <datafield tag="999" ind1="C" ind2="5">
      <subfield code="o">[32]</subfield>
    </datafield>
    <datafield tag="999" ind1="C" ind2="5">
      <subfield code="m">D. Page, M. Prakash, J. M. Lattimer and A. W. Steiner</subfield>
      <subfield code="p">2048</subfield>
      <subfield code="t">Phys. Rev. Lett.</subfield>
      <subfield code="v">85</subfield>
      <subfield code="y">2000</subfield>
      <subfield code="s">Phys. Rev. Lett. 85 (2000) 2048</subfield>
    </datafield>
    <datafield tag="999" ind1="C" ind2="5">
      <subfield code="o">[33]</subfield>
    </datafield>
    <datafield tag="999" ind1="C" ind2="5">
      <subfield code="m">K. Rajagopal and F. Wilczek</subfield>
      <subfield code="p">3492</subfield>
      <subfield code="t">Phys. Rev. Lett.</subfield>
      <subfield code="v">86</subfield>
      <subfield code="y">2001</subfield>
      <subfield code="s">Phys. Rev. Lett. 86 (2001) 3492</subfield>
    </datafield>
    <datafield tag="999" ind1="C" ind2="5">
      <subfield code="o">[34]</subfield>
    </datafield>
    <datafield tag="999" ind1="C" ind2="5">
      <subfield code="m">J. I. Kapusta, Finite-temperature field theory, (Cam-bridge University Press, 1989)</subfield>
    </datafield>
    <datafield tag="999" ind1="C" ind2="5">
      <subfield code="o">[35]</subfield>
    </datafield>
    <datafield tag="999" ind1="C" ind2="5">
      <subfield code="m">S. M. Johns, P. J. Ellis and J. M. Lattimer</subfield>
      <subfield code="p">1020</subfield>
      <subfield code="t">Astrophys. J.</subfield>
      <subfield code="v">473</subfield>
      <subfield code="y">1996</subfield>
      <subfield code="s">Astrophys. J. 473 (1996) 1020</subfield>
    </datafield>
  </record>