
  <record>
    <datafield tag="037" ind1=" " ind2=" ">
      <subfield code="a">hep-ph/0204133</subfield>
    </datafield>
    <datafield tag="041" ind1=" " ind2=" ">
      <subfield code="a">eng</subfield>
    </datafield>
    <datafield tag="100" ind1=" " ind2=" ">
      <subfield code="a">Gomez, M E</subfield>
      <subfield code="u">CFIF</subfield>
    </datafield>
    <datafield tag="245" ind1=" " ind2=" ">
      <subfield code="a">Lepton-Flavour Violation in SUSY with and without R-parity</subfield>
    </datafield>
    <datafield tag="260" ind1=" " ind2=" ">
      <subfield code="c">12 Apr 2002</subfield>
    </datafield>
    <datafield tag="300" ind1=" " ind2=" ">
      <subfield code="a">11 p</subfield>
    </datafield>
    <datafield tag="520" ind1=" " ind2=" ">
      <subfield code="a">We study whether the individual violation of the lepton numbers L_{e,mu,tau} in the charged sector can lead to measurable rates for BR(mu-&gt;e gamma) and BR(tau-&gt;mu gamma). We consider three different scenarios, the fist onecorresponds to the Minimal Supersymmetric Standard Model with non-universal soft terms. In the other two cases the violation of flavor in the leptonic charged sector is associated to the neutrino problem in models with a see-sawmechanism and with R-parity violation respectively.</subfield>
    </datafield>
    <datafield tag="595" ind1=" " ind2=" ">
      <subfield code="a">LANL EDS</subfield>
    </datafield>
    <datafield tag="650" ind1="1" ind2="7">
      <subfield code="2">SzGeCERN</subfield>
      <subfield code="a">Particle Physics - Phenomenology</subfield>
    </datafield>
    <datafield tag="700" ind1=" " ind2=" ">
      <subfield code="a">Carvalho, D F</subfield>
    </datafield>
    <datafield tag="856" ind1="0" ind2=" ">
      <subfield code="f">Mario E. Gomez &lt;mgomez@gtae3.ist.utl.pt&gt;</subfield>
    </datafield>
    <datafield tag="FFT" ind1=" " ind2=" ">
      <subfield code="a">http://invenio-software.org/download/invenio-demo-site-files/0204133.pdf</subfield>
    </datafield>
    <datafield tag="FFT" ind1=" " ind2=" ">
      <subfield code="a">http://invenio-software.org/download/invenio-demo-site-files/0204133.ps.gz</subfield>
    </datafield>
    <datafield tag="909" ind1="C" ind2="5">
      <subfield code="b">CER</subfield>
    </datafield>
    <datafield tag="909" ind1="C" ind2="S">
      <subfield code="s">n</subfield>
      <subfield code="w">200231</subfield>
    </datafield>
    <datafield tag="909" ind1="C" ind2="0">
      <subfield code="y">2002</subfield>
    </datafield>
    <datafield tag="909" ind1="C" ind2="0">
      <subfield code="b">11</subfield>
    </datafield>
    <datafield tag="909" ind1="C" ind2="1">
      <subfield code="c">2002-04-15</subfield>
      <subfield code="l">00</subfield>
      <subfield code="m">2002-04-15</subfield>
      <subfield code="o">BATCH</subfield>
    </datafield>
    <datafield tag="909" ind1="C" ind2="K">
      <subfield code="b">TALK GIVEN BY M E G AT THE CORFU SUMMER INSTITUTE ON ELEMENTARY PARTICLE PHYSICS CORFU 2001 11 PAGES 5 FIGURES</subfield>
    </datafield>
    <datafield tag="980" ind1=" " ind2=" ">
      <subfield code="a">PREPRINT</subfield>
    </datafield>
    <datafield tag="999" ind1="C" ind2="5">
      <subfield code="o">[1]</subfield>
    </datafield>
    <datafield tag="999" ind1="C" ind2="5">
      <subfield code="m">Y. Fukuda et al., Super-Kamiokande collaboration</subfield>
      <subfield code="p">9</subfield>
      <subfield code="t">Phys. Lett., B</subfield>
      <subfield code="v">433</subfield>
      <subfield code="y">1998</subfield>
      <subfield code="s">Phys. Lett. B 433 (1998) 9</subfield>
    </datafield>
    <datafield tag="999" ind1="C" ind2="5">
      <subfield code="p">33</subfield>
      <subfield code="t">Phys. Lett., B</subfield>
      <subfield code="v">436</subfield>
      <subfield code="y">1998</subfield>
      <subfield code="s">Phys. Lett. B 436 (1998) 33</subfield>
    </datafield>
    <datafield tag="999" ind1="C" ind2="5">
      <subfield code="p">1562</subfield>
      <subfield code="t">Phys. Rev. Lett.</subfield>
      <subfield code="v">81</subfield>
      <subfield code="y">1998</subfield>
      <subfield code="s">Phys. Rev. Lett. 81 (1998) 1562</subfield>
    </datafield>
    <datafield tag="999" ind1="C" ind2="5">
      <subfield code="o">[2]</subfield>
    </datafield>
    <datafield tag="999" ind1="C" ind2="5">
      <subfield code="m">M. Apollonio et al., Chooz collaboration</subfield>
      <subfield code="p">397</subfield>
      <subfield code="t">Phys. Lett. B</subfield>
      <subfield code="v">420</subfield>
      <subfield code="y">1998</subfield>
      <subfield code="s">Phys. Lett. B 420 (1998) 397</subfield>
    </datafield>
    <datafield tag="999" ind1="C" ind2="5">
      <subfield code="o">[3]</subfield>
    </datafield>
    <datafield tag="999" ind1="C" ind2="5">
      <subfield code="m">H. N. Brown et al. [Muon g-2 Collaboration]</subfield>
      <subfield code="p">2227</subfield>
      <subfield code="t">Phys. Rev. Lett.</subfield>
      <subfield code="v">86</subfield>
      <subfield code="y">2001</subfield>
      <subfield code="s">Phys. Rev. Lett. 86 (2001) 2227</subfield>
    </datafield>
    <datafield tag="999" ind1="C" ind2="5">
      <subfield code="r">hep-ex/0102017</subfield>
    </datafield>
    <datafield tag="999" ind1="C" ind2="5">
      <subfield code="o">[4]</subfield>
    </datafield>
    <datafield tag="999" ind1="C" ind2="5">
      <subfield code="m">Review of Particle Physics, D. E. Groom et al</subfield>
      <subfield code="p">1</subfield>
      <subfield code="t">Eur. Phys. J., C</subfield>
      <subfield code="v">15</subfield>
      <subfield code="y">2000</subfield>
      <subfield code="s">Eur. Phys. J. C 15 (2000) 1</subfield>
    </datafield>
    <datafield tag="999" ind1="C" ind2="5">
      <subfield code="o">[5]</subfield>
    </datafield>
    <datafield tag="999" ind1="C" ind2="5">
      <subfield code="m">D. F. Carvalho, M. E. Gomez and S. Khalil</subfield>
      <subfield code="p">001</subfield>
      <subfield code="t">J. High Energy Phys.</subfield>
      <subfield code="v">0107</subfield>
      <subfield code="y">2001</subfield>
      <subfield code="s">J. High Energy Phys. 0107 (2001) 001</subfield>
    </datafield>
    <datafield tag="999" ind1="C" ind2="5">
      <subfield code="r">hep-ph/0104292</subfield>
    </datafield>
    <datafield tag="999" ind1="C" ind2="5">
      <subfield code="o">[6]</subfield>
    </datafield>
    <datafield tag="999" ind1="C" ind2="5">
      <subfield code="m">D. F. Carvalho, J. R. Ellis, M. Gomez and S. Lola</subfield>
      <subfield code="p">323</subfield>
      <subfield code="t">Phys. Lett., B</subfield>
      <subfield code="v">515</subfield>
      <subfield code="y">2001</subfield>
      <subfield code="s">Phys. Lett. B 515 (2001) 323</subfield>
    </datafield>
    <datafield tag="999" ind1="C" ind2="5">
      <subfield code="o">[7]</subfield>
    </datafield>
    <datafield tag="999" ind1="C" ind2="5">
      <subfield code="m">D. F. Carvalho, M. E. Gomez and J. C. Romao</subfield>
      <subfield code="r">hep-ph/0202054</subfield>
    </datafield>
    <datafield tag="999" ind1="C" ind2="5">
      <subfield code="m">(to appear in Phys. Rev., D</subfield>
    </datafield>
    <datafield tag="999" ind1="C" ind2="5">
      <subfield code="o">[8]</subfield>
    </datafield>
    <datafield tag="999" ind1="C" ind2="5">
      <subfield code="m">J. R. Ellis, M. E. Gomez, G. K. Leontaris, S. Lola and D. V. Nanopoulos</subfield>
      <subfield code="p">319</subfield>
      <subfield code="t">Eur. Phys. J., C</subfield>
      <subfield code="v">14</subfield>
      <subfield code="y">2000</subfield>
      <subfield code="s">Eur. Phys. J. C 14 (2000) 319</subfield>
    </datafield>
    <datafield tag="999" ind1="C" ind2="5">
      <subfield code="o">[9]</subfield>
    </datafield>
    <datafield tag="999" ind1="C" ind2="5">
      <subfield code="m">A. Belyaev et al</subfield>
      <subfield code="p">715</subfield>
      <subfield code="t">Eur. Phys. J., C</subfield>
      <subfield code="v">22</subfield>
      <subfield code="y">2002</subfield>
      <subfield code="s">Eur. Phys. J. C 22 (2002) 715</subfield>
    </datafield>
    <datafield tag="999" ind1="C" ind2="5">
      <subfield code="m">A. Belyaev et al. [Kaon Physics Working Group Collaboration]</subfield>
      <subfield code="r">hep-ph/0107046</subfield>
    </datafield>
    <datafield tag="999" ind1="C" ind2="5">
      <subfield code="o">[10]</subfield>
    </datafield>
    <datafield tag="999" ind1="C" ind2="5">
      <subfield code="m">J. Hisano, T. Moroi, K. Tobe and M. Yamaguchi</subfield>
      <subfield code="p">2442</subfield>
      <subfield code="t">Phys. Rev., D</subfield>
      <subfield code="v">53</subfield>
      <subfield code="y">1996</subfield>
      <subfield code="s">Phys. Rev. D 53 (1996) 2442</subfield>
    </datafield>
    <datafield tag="999" ind1="C" ind2="5">
      <subfield code="m">J. Hisano and D. Nomura</subfield>
      <subfield code="p">116005</subfield>
      <subfield code="t">Phys. Rev., D</subfield>
      <subfield code="v">59</subfield>
      <subfield code="y">1999</subfield>
      <subfield code="s">Phys. Rev. D 59 (1999) 116005</subfield>
    </datafield>
    <datafield tag="999" ind1="C" ind2="5">
      <subfield code="o">[11]</subfield>
    </datafield>
    <datafield tag="999" ind1="C" ind2="5">
      <subfield code="m">R. Barbieri and L.J. Hall</subfield>
      <subfield code="p">212</subfield>
      <subfield code="t">Phys. Lett., B</subfield>
      <subfield code="v">338</subfield>
      <subfield code="y">1994</subfield>
      <subfield code="s">Phys. Lett. B 338 (1994) 212</subfield>
    </datafield>
    <datafield tag="999" ind1="C" ind2="5">
      <subfield code="m">R. Barbieri et al</subfield>
      <subfield code="p">219</subfield>
      <subfield code="t">Nucl. Phys., B</subfield>
      <subfield code="v">445</subfield>
      <subfield code="y">1995</subfield>
      <subfield code="s">Nucl. Phys. B 445 (1995) 219</subfield>
    </datafield>
    <datafield tag="999" ind1="C" ind2="5">
      <subfield code="m">Nima Arkani-Hamed, Hsin-Chia Cheng and L.J. Hall</subfield>
      <subfield code="p">413</subfield>
      <subfield code="t">Phys. Rev., D</subfield>
      <subfield code="v">53</subfield>
      <subfield code="y">1996</subfield>
      <subfield code="s">Phys. Rev. D 53 (1996) 413</subfield>
    </datafield>
    <datafield tag="999" ind1="C" ind2="5">
      <subfield code="m">P. Ciafaloni, A. Romanino and A. Strumia</subfield>
      <subfield code="p">3</subfield>
      <subfield code="t">Nucl. Phys., B</subfield>
      <subfield code="v">458</subfield>
      <subfield code="y">1996</subfield>
      <subfield code="s">Nucl. Phys. B 458 (1996) 3</subfield>
    </datafield>
    <datafield tag="999" ind1="C" ind2="5">
      <subfield code="m">M. E. Gomez and H. Goldberg</subfield>
      <subfield code="p">5244</subfield>
      <subfield code="t">Phys. Rev., D</subfield>
      <subfield code="v">53</subfield>
      <subfield code="y">1996</subfield>
      <subfield code="s">Phys. Rev. D 53 (1996) 5244</subfield>
    </datafield>
    <datafield tag="999" ind1="C" ind2="5">
      <subfield code="m">J. Hisano, D. Nomura, Y. Okada, Y. Shimizu and M. Tanaka</subfield>
      <subfield code="p">116010</subfield>
      <subfield code="t">Phys. Rev., D</subfield>
      <subfield code="v">58</subfield>
      <subfield code="y">1998</subfield>
      <subfield code="s">Phys. Rev. D 58 (1998) 116010</subfield>
    </datafield>
    <datafield tag="999" ind1="C" ind2="5">
      <subfield code="o">[12]</subfield>
    </datafield>
    <datafield tag="999" ind1="C" ind2="5">
      <subfield code="m">M. E. Gomez, G. K. Leontaris, S. Lola and J. D. Vergados</subfield>
      <subfield code="p">116009</subfield>
      <subfield code="t">Phys. Rev., D</subfield>
      <subfield code="v">59</subfield>
      <subfield code="y">1999</subfield>
      <subfield code="s">Phys. Rev. D 59 (1999) 116009</subfield>
    </datafield>
    <datafield tag="999" ind1="C" ind2="5">
      <subfield code="m">G.K. Leontaris and N.D. Tracas</subfield>
      <subfield code="p">90</subfield>
      <subfield code="t">Phys. Lett., B</subfield>
      <subfield code="v">431</subfield>
      <subfield code="y">1998</subfield>
      <subfield code="s">Phys. Lett. B 431 (1998) 90</subfield>
    </datafield>
    <datafield tag="999" ind1="C" ind2="5">
      <subfield code="m">W. Buchmuller, D. Delepine and F. Vissani</subfield>
      <subfield code="p">171</subfield>
      <subfield code="t">Phys. Lett., B</subfield>
      <subfield code="v">459</subfield>
      <subfield code="y">1999</subfield>
      <subfield code="s">Phys. Lett. B 459 (1999) 171</subfield>
    </datafield>
    <datafield tag="999" ind1="C" ind2="5">
      <subfield code="m">W. Buchmuller, D. Delepine and L. T. Handoko</subfield>
      <subfield code="p">445</subfield>
      <subfield code="t">Nucl. Phys., B</subfield>
      <subfield code="v">576</subfield>
      <subfield code="y">2000</subfield>
      <subfield code="s">Nucl. Phys. B 576 (2000) 445</subfield>
    </datafield>
    <datafield tag="999" ind1="C" ind2="5">
      <subfield code="m">Q. Shafi and Z. Tavartkiladze</subfield>
      <subfield code="p">145</subfield>
      <subfield code="t">Phys. Lett., B</subfield>
      <subfield code="v">473</subfield>
      <subfield code="y">2000</subfield>
      <subfield code="s">Phys. Lett. B 473 (2000) 145</subfield>
    </datafield>
    <datafield tag="999" ind1="C" ind2="5">
      <subfield code="m">J. L. Feng, Y. Nir and Y. Shadmi</subfield>
      <subfield code="p">113005</subfield>
      <subfield code="t">Phys. Rev., D</subfield>
      <subfield code="v">61</subfield>
      <subfield code="y">2000</subfield>
      <subfield code="s">Phys. Rev. D 61 (2000) 113005</subfield>
    </datafield>
    <datafield tag="999" ind1="C" ind2="5">
      <subfield code="o">[13]</subfield>
    </datafield>
    <datafield tag="999" ind1="C" ind2="5">
      <subfield code="m">A. Brignole, L. E. Iba nez and C. Mu noz</subfield>
      <subfield code="p">125</subfield>
      <subfield code="t">Nucl. Phys., B</subfield>
      <subfield code="v">422</subfield>
      <subfield code="y">1994</subfield>
      <subfield code="s">Nucl. Phys. B 422 (1994) 125</subfield>
    </datafield>
    <datafield tag="999" ind1="C" ind2="5">
      <subfield code="m">[Erratum</subfield>
      <subfield code="p">747</subfield>
      <subfield code="t">Nucl. Phys., B</subfield>
      <subfield code="v">436</subfield>
      <subfield code="y">1994</subfield>
      <subfield code="s">Nucl. Phys. B 436 (1994) 747</subfield>
    </datafield>
    <datafield tag="999" ind1="C" ind2="5">
      <subfield code="m">]</subfield>
    </datafield>
    <datafield tag="999" ind1="C" ind2="5">
      <subfield code="o">[14]</subfield>
    </datafield>
    <datafield tag="999" ind1="C" ind2="5">
      <subfield code="m">L. Iba nez and G.G. Ross</subfield>
      <subfield code="p">100</subfield>
      <subfield code="t">Phys. Lett., B</subfield>
      <subfield code="v">332</subfield>
      <subfield code="y">1994</subfield>
      <subfield code="s">Phys. Lett. B 332 (1994) 100</subfield>
    </datafield>
    <datafield tag="999" ind1="C" ind2="5">
      <subfield code="m">G.K. Leontaris, S. Lola and G.G. Ross</subfield>
      <subfield code="p">25</subfield>
      <subfield code="t">Nucl. Phys., B</subfield>
      <subfield code="v">454</subfield>
      <subfield code="y">1995</subfield>
      <subfield code="s">Nucl. Phys. B 454 (1995) 25</subfield>
    </datafield>
    <datafield tag="999" ind1="C" ind2="5">
      <subfield code="m">S. Lola and G.G. Ross</subfield>
      <subfield code="p">81</subfield>
      <subfield code="t">Nucl. Phys., B</subfield>
      <subfield code="v">553</subfield>
      <subfield code="y">1999</subfield>
      <subfield code="s">Nucl. Phys. B 553 (1999) 81</subfield>
    </datafield>
    <datafield tag="999" ind1="C" ind2="5">
      <subfield code="o">[15]</subfield>
    </datafield>
    <datafield tag="999" ind1="C" ind2="5">
      <subfield code="m">M. Gell-Mann, P. Ramond and R. Slansky, Proceedings of the Stony Brook Super-gravity Workshop, New York, 1979, eds. P. Van Nieuwenhuizen and D. Freedman (North-Holland, Amsterdam)</subfield>
    </datafield>
    <datafield tag="999" ind1="C" ind2="5">
      <subfield code="o">[16]</subfield>
    </datafield>
    <datafield tag="999" ind1="C" ind2="5">
      <subfield code="m">J. A. Casas and A. Ibarra</subfield>
      <subfield code="p">171</subfield>
      <subfield code="t">Nucl. Phys., B</subfield>
      <subfield code="v">618</subfield>
      <subfield code="y">2001</subfield>
      <subfield code="s">Nucl. Phys. B 618 (2001) 171</subfield>
    </datafield>
    <datafield tag="999" ind1="C" ind2="5">
      <subfield code="m">S. Lavignac, I. Masina and C. A. Savoy</subfield>
      <subfield code="p">269</subfield>
      <subfield code="t">Phys. Lett., B</subfield>
      <subfield code="v">520</subfield>
      <subfield code="y">2001</subfield>
      <subfield code="s">Phys. Lett. B 520 (2001) 269</subfield>
    </datafield>
    <datafield tag="999" ind1="C" ind2="5">
      <subfield code="m">and</subfield>
      <subfield code="r">hep-ph/0202086</subfield>
    </datafield>
    <datafield tag="999" ind1="C" ind2="5">
      <subfield code="o">[17]</subfield>
    </datafield>
    <datafield tag="999" ind1="C" ind2="5">
      <subfield code="m">J. R. Ellis, D. V. Nanopoulos and K. A. Olive</subfield>
      <subfield code="p">65</subfield>
      <subfield code="t">Phys. Lett., B</subfield>
      <subfield code="v">508</subfield>
      <subfield code="y">2001</subfield>
      <subfield code="s">Phys. Lett. B 508 (2001) 65</subfield>
    </datafield>
    <datafield tag="999" ind1="C" ind2="5">
      <subfield code="o">[18]</subfield>
    </datafield>
    <datafield tag="999" ind1="C" ind2="5">
      <subfield code="m">J. C. Romao, M. A. Diaz, M. Hirsch, W. Porod and J. W. Valle</subfield>
      <subfield code="p">071703</subfield>
      <subfield code="t">Phys. Rev., D</subfield>
      <subfield code="v">61</subfield>
      <subfield code="y">2000</subfield>
      <subfield code="s">Phys. Rev. D 61 (2000) 071703</subfield>
    </datafield>
    <datafield tag="999" ind1="C" ind2="5">
      <subfield code="p">113008</subfield>
      <subfield code="t">Phys. Rev., D</subfield>
      <subfield code="v">62</subfield>
      <subfield code="y">2000</subfield>
      <subfield code="s">Phys. Rev. D 62 (2000) 113008</subfield>
    </datafield>
    <datafield tag="999" ind1="C" ind2="5">
      <subfield code="o">[19]</subfield>
    </datafield>
    <datafield tag="999" ind1="C" ind2="5">
      <subfield code="m">M. E. Gomez and K. Tamvakis</subfield>
      <subfield code="p">057701</subfield>
      <subfield code="t">Phys. Rev., D</subfield>
      <subfield code="v">58</subfield>
      <subfield code="y">1998</subfield>
      <subfield code="s">Phys. Rev. D 58 (1998) 057701</subfield>
    </datafield>
    <datafield tag="999" ind1="C" ind2="5">
      <subfield code="o">[20]</subfield>
    </datafield>
    <datafield tag="999" ind1="C" ind2="5">
      <subfield code="m">M. Hirsch, W. Porod, J. W. F. Valle and J. C. Rom ao</subfield>
      <subfield code="r">hep-ph/0202149</subfield>
    </datafield>
    <datafield tag="999" ind1="C" ind2="5">
      <subfield code="o">[21]</subfield>
    </datafield>
    <datafield tag="999" ind1="C" ind2="5">
      <subfield code="m">L. M. Barkov et al., Research Proposal to PSI, 1999</subfield>
      <subfield code="u">http://www.icepp.s.u-tokyo.ac.jp/meg</subfield>
      <subfield code="z">http://www.icepp.s.u-tokyo.ac.jp/meg</subfield>
    </datafield>
    <datafield tag="999" ind1="C" ind2="5">
      <subfield code="o">[22]</subfield>
    </datafield>
    <datafield tag="999" ind1="C" ind2="5">
      <subfield code="m">The homepage of the PRISM project</subfield>
      <subfield code="u">http://www-prism.kek.jp/</subfield>
      <subfield code="z">http://www-prism.kek.jp/</subfield>
    </datafield>
    <datafield tag="999" ind1="C" ind2="5">
      <subfield code="m">Y. Kuno, Lep-ton Flavor Violation Experiments at KEK/JAERI Joint Project of High Intensity Proton Machine, in Proceedings of Workshop of "LOWNU/NOON 2000", Tokyo, December 4-8, 2000</subfield>
    </datafield>
    <datafield tag="999" ind1="C" ind2="5">
      <subfield code="o">[23]</subfield>
    </datafield>
    <datafield tag="999" ind1="C" ind2="5">
      <subfield code="m">W. Porod, M. Hirsch, J. Rom ao and J. W. Valle</subfield>
      <subfield code="p">115004</subfield>
      <subfield code="t">Phys. Rev., D</subfield>
      <subfield code="v">63</subfield>
      <subfield code="y">2001</subfield>
      <subfield code="s">Phys. Rev. D 63 (2001) 115004</subfield>
    </datafield>
  </record>