
  <record>
    <datafield tag="037" ind1=" " ind2=" ">
      <subfield code="a">hep-ph/0204134</subfield>
    </datafield>
    <datafield tag="041" ind1=" " ind2=" ">
      <subfield code="a">eng</subfield>
    </datafield>
    <datafield tag="100" ind1=" " ind2=" ">
      <subfield code="a">Dzuba, V A</subfield>
      <subfield code="u">University of New South Wales</subfield>
    </datafield>
    <datafield tag="245" ind1=" " ind2=" ">
      <subfield code="a">Precise calculation of parity nonconservation in cesium and test of the standard model</subfield>
    </datafield>
    <datafield tag="260" ind1=" " ind2=" ">
      <subfield code="c">12 Apr 2002</subfield>
    </datafield>
    <datafield tag="300" ind1=" " ind2=" ">
      <subfield code="a">24 p</subfield>
    </datafield>
    <datafield tag="520" ind1=" " ind2=" ">
      <subfield code="a">We have calculated the 6s-7s parity nonconserving (PNC) E1 transition amplitude, E_{PNC}, in cesium. We have used an improved all-order technique in the calculation of the correlations and have included all significant contributionsto E_{PNC}. Our final value E_{PNC} = 0.904 (1 +/- 0.5 %) \times 10^{-11}iea_{B}(-Q_{W}/N) has half the uncertainty claimed in old calculations used for the interpretation of Cs PNC experiments. The resulting nuclear weak chargeQ_{W} for Cs deviates by about 2 standard deviations from the value predicted by the standard model.</subfield>
    </datafield>
    <datafield tag="595" ind1=" " ind2=" ">
      <subfield code="a">LANL EDS</subfield>
    </datafield>
    <datafield tag="650" ind1="1" ind2="7">
      <subfield code="2">SzGeCERN</subfield>
      <subfield code="a">Particle Physics - Phenomenology</subfield>
    </datafield>
    <datafield tag="700" ind1=" " ind2=" ">
      <subfield code="a">Flambaum, V V</subfield>
    </datafield>
    <datafield tag="700" ind1=" " ind2=" ">
      <subfield code="a">Ginges, J S M</subfield>
    </datafield>
    <datafield tag="856" ind1="0" ind2=" ">
      <subfield code="f">"Jacinda S.M. GINGES" &lt;ginges@phys.unsw.edu.au&gt;</subfield>
    </datafield>
    <datafield tag="FFT" ind1=" " ind2=" ">
      <subfield code="a">http://invenio-software.org/download/invenio-demo-site-files/0204134.pdf</subfield>
    </datafield>
    <datafield tag="FFT" ind1=" " ind2=" ">
      <subfield code="a">http://invenio-software.org/download/invenio-demo-site-files/0204134.ps.gz</subfield>
    </datafield>
    <datafield tag="909" ind1="C" ind2="5">
      <subfield code="b">CER</subfield>
    </datafield>
    <datafield tag="909" ind1="C" ind2="S">
      <subfield code="s">n</subfield>
      <subfield code="w">200231</subfield>
    </datafield>
    <datafield tag="909" ind1="C" ind2="0">
      <subfield code="y">2002</subfield>
    </datafield>
    <datafield tag="909" ind1="C" ind2="0">
      <subfield code="b">11</subfield>
    </datafield>
    <datafield tag="909" ind1="C" ind2="1">
      <subfield code="c">2002-04-15</subfield>
      <subfield code="l">00</subfield>
      <subfield code="m">2002-04-15</subfield>
      <subfield code="o">BATCH</subfield>
    </datafield>
    <datafield tag="980" ind1=" " ind2=" ">
      <subfield code="a">PREPRINT</subfield>
    </datafield>
    <datafield tag="999" ind1="C" ind2="5">
      <subfield code="o">[1]</subfield>
    </datafield>
    <datafield tag="999" ind1="C" ind2="5">
      <subfield code="m">I.B. Khriplovich, Parity Nonconservation in Atomic Phenomena (Gordon and Breach, Philadelphia, 1991)</subfield>
    </datafield>
    <datafield tag="999" ind1="C" ind2="5">
      <subfield code="o">[2]</subfield>
    </datafield>
    <datafield tag="999" ind1="C" ind2="5">
      <subfield code="m">M.-A. Bouchiat and C. Bouchiat</subfield>
      <subfield code="p">1351</subfield>
      <subfield code="t">Rep. Prog. Phys.</subfield>
      <subfield code="v">60</subfield>
      <subfield code="y">1997</subfield>
      <subfield code="s">Rep. Prog. Phys. 60 (1997) 1351</subfield>
    </datafield>
    <datafield tag="999" ind1="C" ind2="5">
      <subfield code="o">[3]</subfield>
    </datafield>
    <datafield tag="999" ind1="C" ind2="5">
      <subfield code="m">C.S. Wood et al</subfield>
      <subfield code="p">1759</subfield>
      <subfield code="t">Science</subfield>
      <subfield code="v">275</subfield>
      <subfield code="y">1997</subfield>
      <subfield code="s">Science 275 (1997) 1759</subfield>
    </datafield>
    <datafield tag="999" ind1="C" ind2="5">
      <subfield code="o">[4]</subfield>
    </datafield>
    <datafield tag="999" ind1="C" ind2="5">
      <subfield code="m">V.A. Dzuba, V.V. Flambaum, and O.P. Sushkov</subfield>
      <subfield code="p">147</subfield>
      <subfield code="t">Phys. Lett., A</subfield>
      <subfield code="v">141</subfield>
      <subfield code="y">1989</subfield>
      <subfield code="s">Phys. Lett. A 141 (1989) 147</subfield>
    </datafield>
    <datafield tag="999" ind1="C" ind2="5">
      <subfield code="o">[5]</subfield>
    </datafield>
    <datafield tag="999" ind1="C" ind2="5">
      <subfield code="m">S.A. Blundell, W.R. Johnson, and J. Sapirstein</subfield>
      <subfield code="p">1411</subfield>
      <subfield code="t">Phys. Rev. Lett.</subfield>
      <subfield code="v">65</subfield>
      <subfield code="y">1990</subfield>
      <subfield code="s">Phys. Rev. Lett. 65 (1990) 1411</subfield>
    </datafield>
    <datafield tag="999" ind1="C" ind2="5">
      <subfield code="m">S.A. Blundell, J. Sapirstein, and W.R. Johnson</subfield>
      <subfield code="p">1602</subfield>
      <subfield code="t">Phys. Rev., D</subfield>
      <subfield code="v">45</subfield>
      <subfield code="y">1992</subfield>
      <subfield code="s">Phys. Rev. D 45 (1992) 1602</subfield>
    </datafield>
    <datafield tag="999" ind1="C" ind2="5">
      <subfield code="o">[6]</subfield>
    </datafield>
    <datafield tag="999" ind1="C" ind2="5">
      <subfield code="m">R.J. Rafac, and C.E. Tanner, Phys. Rev., A58 1087 (1998); R.J. Rafac, C.E. Tanner, A.E. Livingston, and H.G. Berry, Phys. Rev., A60 3648 (1999)</subfield>
    </datafield>
    <datafield tag="999" ind1="C" ind2="5">
      <subfield code="o">[7]</subfield>
    </datafield>
    <datafield tag="999" ind1="C" ind2="5">
      <subfield code="m">S.C. Bennett, J.L. Roberts, and C.E. Wieman</subfield>
      <subfield code="p">R16</subfield>
      <subfield code="t">Phys. Rev., A</subfield>
      <subfield code="v">59</subfield>
      <subfield code="y">1999</subfield>
      <subfield code="s">Phys. Rev. A 59 (1999) R16</subfield>
    </datafield>
    <datafield tag="999" ind1="C" ind2="5">
      <subfield code="o">[8]</subfield>
    </datafield>
    <datafield tag="999" ind1="C" ind2="5">
      <subfield code="m">S.C. Bennett and C.E. Wieman</subfield>
      <subfield code="p">2484</subfield>
      <subfield code="t">Phys. Rev. Lett.</subfield>
      <subfield code="v">82</subfield>
      <subfield code="y">1999</subfield>
      <subfield code="s">Phys. Rev. Lett. 82 (1999) 2484</subfield>
    </datafield>
    <datafield tag="999" ind1="C" ind2="5">
      <subfield code="m">82, 4153(E) (1999); 83, 889(E) (1999)</subfield>
    </datafield>
    <datafield tag="999" ind1="C" ind2="5">
      <subfield code="o">[9]</subfield>
    </datafield>
    <datafield tag="999" ind1="C" ind2="5">
      <subfield code="m">R. Casalbuoni, S. De Curtis, D. Dominici, and R. Gatto</subfield>
      <subfield code="p">135</subfield>
      <subfield code="t">Phys. Lett., B</subfield>
      <subfield code="v">460</subfield>
      <subfield code="y">1999</subfield>
      <subfield code="s">Phys. Lett. B 460 (1999) 135</subfield>
    </datafield>
    <datafield tag="999" ind1="C" ind2="5">
      <subfield code="o">[10]</subfield>
    </datafield>
    <datafield tag="999" ind1="C" ind2="5">
      <subfield code="m">J. L. Rosner</subfield>
      <subfield code="p">016006</subfield>
      <subfield code="t">Phys. Rev., D</subfield>
      <subfield code="v">61</subfield>
      <subfield code="y">1999</subfield>
      <subfield code="s">Phys. Rev. D 61 (1999) 016006</subfield>
    </datafield>
    <datafield tag="999" ind1="C" ind2="5">
      <subfield code="o">[11]</subfield>
    </datafield>
    <datafield tag="999" ind1="C" ind2="5">
      <subfield code="m">J. Erler and P. Langacker</subfield>
      <subfield code="p">212</subfield>
      <subfield code="t">Phys. Rev. Lett.</subfield>
      <subfield code="v">84</subfield>
      <subfield code="y">2000</subfield>
      <subfield code="s">Phys. Rev. Lett. 84 (2000) 212</subfield>
    </datafield>
    <datafield tag="999" ind1="C" ind2="5">
      <subfield code="o">[12]</subfield>
    </datafield>
    <datafield tag="999" ind1="C" ind2="5">
      <subfield code="m">A. Derevianko</subfield>
      <subfield code="p">1618</subfield>
      <subfield code="t">Phys. Rev. Lett.</subfield>
      <subfield code="v">85</subfield>
      <subfield code="y">2000</subfield>
      <subfield code="s">Phys. Rev. Lett. 85 (2000) 1618</subfield>
    </datafield>
    <datafield tag="999" ind1="C" ind2="5">
      <subfield code="o">[13]</subfield>
    </datafield>
    <datafield tag="999" ind1="C" ind2="5">
      <subfield code="m">V.A. Dzuba, C. Harabati, W.R. Johnson, and M.S. Safronova</subfield>
      <subfield code="p">044103</subfield>
      <subfield code="t">Phys. Rev., A</subfield>
      <subfield code="v">63</subfield>
      <subfield code="y">2001</subfield>
      <subfield code="s">Phys. Rev. A 63 (2001) 044103</subfield>
    </datafield>
    <datafield tag="999" ind1="C" ind2="5">
      <subfield code="o">[14]</subfield>
    </datafield>
    <datafield tag="999" ind1="C" ind2="5">
      <subfield code="m">M.G. Kozlov, S.G. Porsev, and I.I. Tupitsyn</subfield>
      <subfield code="p">3260</subfield>
      <subfield code="t">Phys. Rev. Lett.</subfield>
      <subfield code="v">86</subfield>
      <subfield code="y">2001</subfield>
      <subfield code="s">Phys. Rev. Lett. 86 (2001) 3260</subfield>
    </datafield>
    <datafield tag="999" ind1="C" ind2="5">
      <subfield code="o">[15]</subfield>
    </datafield>
    <datafield tag="999" ind1="C" ind2="5">
      <subfield code="m">W.J. Marciano and A. Sirlin</subfield>
      <subfield code="p">552</subfield>
      <subfield code="t">Phys. Rev., D</subfield>
      <subfield code="v">27</subfield>
      <subfield code="y">1983</subfield>
      <subfield code="s">Phys. Rev. D 27 (1983) 552</subfield>
    </datafield>
    <datafield tag="999" ind1="C" ind2="5">
      <subfield code="m">W.J. Marciano and J.L. Rosner</subfield>
      <subfield code="p">2963</subfield>
      <subfield code="t">Phys. Rev. Lett.</subfield>
      <subfield code="v">65</subfield>
      <subfield code="y">1990</subfield>
      <subfield code="s">Phys. Rev. Lett. 65 (1990) 2963</subfield>
    </datafield>
    <datafield tag="999" ind1="C" ind2="5">
      <subfield code="o">[16]</subfield>
    </datafield>
    <datafield tag="999" ind1="C" ind2="5">
      <subfield code="m">B.W. Lynn and P.G.H. Sandars</subfield>
      <subfield code="p">1469</subfield>
      <subfield code="t">J. Phys., B</subfield>
      <subfield code="v">27</subfield>
      <subfield code="y">1994</subfield>
      <subfield code="s">J. Phys. B 27 (1994) 1469</subfield>
    </datafield>
    <datafield tag="999" ind1="C" ind2="5">
      <subfield code="m">I. Bednyakov et al</subfield>
      <subfield code="p">012103</subfield>
      <subfield code="t">Phys. Rev., A</subfield>
      <subfield code="v">61</subfield>
      <subfield code="y">1999</subfield>
      <subfield code="s">Phys. Rev. A 61 (1999) 012103</subfield>
    </datafield>
    <datafield tag="999" ind1="C" ind2="5">
      <subfield code="o">[17]</subfield>
    </datafield>
    <datafield tag="999" ind1="C" ind2="5">
      <subfield code="m">A.I. Milstein and O.P. Sushkov, e-print</subfield>
      <subfield code="r">hep-ph/0109257</subfield>
    </datafield>
    <datafield tag="999" ind1="C" ind2="5">
      <subfield code="o">[18]</subfield>
    </datafield>
    <datafield tag="999" ind1="C" ind2="5">
      <subfield code="m">W.R. Johnson, I. Bednyakov, and G. Soff</subfield>
      <subfield code="p">233001</subfield>
      <subfield code="t">Phys. Rev. Lett.</subfield>
      <subfield code="v">87</subfield>
      <subfield code="y">2001</subfield>
      <subfield code="s">Phys. Rev. Lett. 87 (2001) 233001</subfield>
    </datafield>
    <datafield tag="999" ind1="C" ind2="5">
      <subfield code="o">[19]</subfield>
    </datafield>
    <datafield tag="999" ind1="C" ind2="5">
      <subfield code="m">A. Derevianko</subfield>
      <subfield code="p">012106</subfield>
      <subfield code="t">Phys. Rev., A</subfield>
      <subfield code="v">65</subfield>
      <subfield code="y">2002</subfield>
      <subfield code="s">Phys. Rev. A 65 (2002) 012106</subfield>
    </datafield>
    <datafield tag="999" ind1="C" ind2="5">
      <subfield code="o">[20]</subfield>
    </datafield>
    <datafield tag="999" ind1="C" ind2="5">
      <subfield code="m">V.A. Dzuba and V.V. Flambaum</subfield>
      <subfield code="p">052101</subfield>
      <subfield code="t">Phys. Rev., A</subfield>
      <subfield code="v">62</subfield>
      <subfield code="y">2000</subfield>
      <subfield code="s">Phys. Rev. A 62 (2000) 052101</subfield>
    </datafield>
    <datafield tag="999" ind1="C" ind2="5">
      <subfield code="o">[21]</subfield>
    </datafield>
    <datafield tag="999" ind1="C" ind2="5">
      <subfield code="m">V.A. Dzuba, V.V. Flambaum, and O.P. Sushkov</subfield>
      <subfield code="p">R4357</subfield>
      <subfield code="t">Phys. Rev., A</subfield>
      <subfield code="v">56</subfield>
      <subfield code="y">1997</subfield>
      <subfield code="s">Phys. Rev. A 56 (1997) R4357</subfield>
    </datafield>
    <datafield tag="999" ind1="C" ind2="5">
      <subfield code="o">[22]</subfield>
    </datafield>
    <datafield tag="999" ind1="C" ind2="5">
      <subfield code="m">D.E. Groom et al., Euro. Phys. J. C : 15 (2000) 1</subfield>
    </datafield>
    <datafield tag="999" ind1="C" ind2="5">
      <subfield code="o">[23]</subfield>
    </datafield>
    <datafield tag="999" ind1="C" ind2="5">
      <subfield code="m">V.A. Dzuba, V.V. Flambaum, P.G. Silvestrov, and O.P. Sushkov</subfield>
      <subfield code="p">1399</subfield>
      <subfield code="t">J. Phys., B</subfield>
      <subfield code="v">20</subfield>
      <subfield code="y">1987</subfield>
      <subfield code="s">J. Phys. B 20 (1987) 1399</subfield>
    </datafield>
    <datafield tag="999" ind1="C" ind2="5">
      <subfield code="o">[24]</subfield>
    </datafield>
    <datafield tag="999" ind1="C" ind2="5">
      <subfield code="m">V.A. Dzuba, V.V. Flambaum, and O.P. Sushkov</subfield>
      <subfield code="p">493</subfield>
      <subfield code="t">Phys. Lett., A</subfield>
      <subfield code="v">140</subfield>
      <subfield code="y">1989</subfield>
      <subfield code="s">Phys. Lett. A 140 (1989) 493</subfield>
    </datafield>
    <datafield tag="999" ind1="C" ind2="5">
      <subfield code="o">[25]</subfield>
    </datafield>
    <datafield tag="999" ind1="C" ind2="5">
      <subfield code="m">V.A. Dzuba, V.V. Flambaum, A.Ya. Kraftmakher, and O.P. Sushkov</subfield>
      <subfield code="p">373</subfield>
      <subfield code="t">Phys. Lett., A</subfield>
      <subfield code="v">142</subfield>
      <subfield code="y">1989</subfield>
      <subfield code="s">Phys. Lett. A 142 (1989) 373</subfield>
    </datafield>
    <datafield tag="999" ind1="C" ind2="5">
      <subfield code="o">[26]</subfield>
    </datafield>
    <datafield tag="999" ind1="C" ind2="5">
      <subfield code="m">G. Fricke et al</subfield>
      <subfield code="p">177</subfield>
      <subfield code="t">At. Data Nucl. Data Tables</subfield>
      <subfield code="v">60</subfield>
      <subfield code="y">1995</subfield>
      <subfield code="s">At. Data Nucl. Data Tables 60 (1995) 177</subfield>
    </datafield>
    <datafield tag="999" ind1="C" ind2="5">
      <subfield code="o">[27]</subfield>
    </datafield>
    <datafield tag="999" ind1="C" ind2="5">
      <subfield code="m">A. Trzci´nska et al</subfield>
      <subfield code="p">082501</subfield>
      <subfield code="t">Phys. Rev. Lett.</subfield>
      <subfield code="v">87</subfield>
      <subfield code="y">2001</subfield>
      <subfield code="s">Phys. Rev. Lett. 87 (2001) 082501</subfield>
    </datafield>
    <datafield tag="999" ind1="C" ind2="5">
      <subfield code="o">[28]</subfield>
    </datafield>
    <datafield tag="999" ind1="C" ind2="5">
      <subfield code="m">V.B. Berestetskii, E.M. Lifshitz, and L.P. Pitaevskii, Relativistic Quantum Theory (Pergamon Press, Oxford, 1982)</subfield>
    </datafield>
    <datafield tag="999" ind1="C" ind2="5">
      <subfield code="o">[29]</subfield>
    </datafield>
    <datafield tag="999" ind1="C" ind2="5">
      <subfield code="m">P.J. Mohr and Y.-K. Kim</subfield>
      <subfield code="p">2727</subfield>
      <subfield code="t">Phys. Rev., A</subfield>
      <subfield code="v">45</subfield>
      <subfield code="y">1992</subfield>
      <subfield code="s">Phys. Rev. A 45 (1992) 2727</subfield>
    </datafield>
    <datafield tag="999" ind1="C" ind2="5">
      <subfield code="m">P.J. Mohr</subfield>
      <subfield code="p">4421</subfield>
      <subfield code="t">Phys. Rev., A</subfield>
      <subfield code="v">46</subfield>
      <subfield code="y">1992</subfield>
      <subfield code="s">Phys. Rev. A 46 (1992) 4421</subfield>
    </datafield>
    <datafield tag="999" ind1="C" ind2="5">
      <subfield code="o">[30]</subfield>
    </datafield>
    <datafield tag="999" ind1="C" ind2="5">
      <subfield code="m">L.W. Fullerton and G.A. Rinker, Jr</subfield>
      <subfield code="p">1283</subfield>
      <subfield code="t">Phys. Rev., A</subfield>
      <subfield code="v">13</subfield>
      <subfield code="y">1976</subfield>
      <subfield code="s">Phys. Rev. A 13 (1976) 1283</subfield>
    </datafield>
    <datafield tag="999" ind1="C" ind2="5">
      <subfield code="o">[31]</subfield>
    </datafield>
    <datafield tag="999" ind1="C" ind2="5">
      <subfield code="m">E.H. Wichmann and N.M. Kroll</subfield>
      <subfield code="p">343</subfield>
      <subfield code="t">Phys. Rev.</subfield>
      <subfield code="v">101</subfield>
      <subfield code="y">1956</subfield>
      <subfield code="s">Phys. Rev. 101 (1956) 343</subfield>
    </datafield>
    <datafield tag="999" ind1="C" ind2="5">
      <subfield code="o">[32]</subfield>
    </datafield>
    <datafield tag="999" ind1="C" ind2="5">
      <subfield code="m">A.I. Milstein and V.M. Strakhovenko</subfield>
      <subfield code="p">1247</subfield>
      <subfield code="t">Zh. Eksp. Teor. Fiz.</subfield>
      <subfield code="v">84</subfield>
      <subfield code="y">1983</subfield>
      <subfield code="s">Zh. Eksp. Teor. Fiz. 84 (1983) 1247</subfield>
    </datafield>
    <datafield tag="999" ind1="C" ind2="5">
      <subfield code="o">[33]</subfield>
    </datafield>
    <datafield tag="999" ind1="C" ind2="5">
      <subfield code="m">V.V. Flambaum and V.G. Zelevinsky</subfield>
      <subfield code="p">3108</subfield>
      <subfield code="t">Phys. Rev. Lett.</subfield>
      <subfield code="v">83</subfield>
      <subfield code="y">1999</subfield>
      <subfield code="s">Phys. Rev. Lett. 83 (1999) 3108</subfield>
    </datafield>
    <datafield tag="999" ind1="C" ind2="5">
      <subfield code="o">[34]</subfield>
    </datafield>
    <datafield tag="999" ind1="C" ind2="5">
      <subfield code="m">C.E. Moore, Natl. Stand. Ref. Data Ser. (U.S., Natl. Bur. Stand.), 3 (1971)</subfield>
    </datafield>
    <datafield tag="999" ind1="C" ind2="5">
      <subfield code="o">[35]</subfield>
    </datafield>
    <datafield tag="999" ind1="C" ind2="5">
      <subfield code="m">R.J. Rafac, C.E. Tanner, A.E. Livingston, and H.G. Berry</subfield>
      <subfield code="p">3648</subfield>
      <subfield code="t">Phys. Rev., A</subfield>
      <subfield code="v">60</subfield>
      <subfield code="y">1999</subfield>
      <subfield code="s">Phys. Rev. A 60 (1999) 3648</subfield>
    </datafield>
    <datafield tag="999" ind1="C" ind2="5">
      <subfield code="o">[36]</subfield>
    </datafield>
    <datafield tag="999" ind1="C" ind2="5">
      <subfield code="m">M.-A. Bouchiat, J. Gu´ena, and L. Pottier, J. Phys.(France) Lett. : 45 (1984) L523</subfield>
    </datafield>
    <datafield tag="999" ind1="C" ind2="5">
      <subfield code="o">[37]</subfield>
    </datafield>
    <datafield tag="999" ind1="C" ind2="5">
      <subfield code="m">E. Arimondo, M. Inguscio, and P. Violino</subfield>
      <subfield code="p">31</subfield>
      <subfield code="t">Rev. Mod. Phys.</subfield>
      <subfield code="v">49</subfield>
      <subfield code="y">1977</subfield>
      <subfield code="s">Rev. Mod. Phys. 49 (1977) 31</subfield>
    </datafield>
    <datafield tag="999" ind1="C" ind2="5">
      <subfield code="o">[38]</subfield>
    </datafield>
    <datafield tag="999" ind1="C" ind2="5">
      <subfield code="m">S.L. Gilbert, R.N. Watts, and C.E. Wieman</subfield>
      <subfield code="p">581</subfield>
      <subfield code="t">Phys. Rev., A</subfield>
      <subfield code="v">27</subfield>
      <subfield code="y">1983</subfield>
      <subfield code="s">Phys. Rev. A 27 (1983) 581</subfield>
    </datafield>
    <datafield tag="999" ind1="C" ind2="5">
      <subfield code="o">[39]</subfield>
    </datafield>
    <datafield tag="999" ind1="C" ind2="5">
      <subfield code="m">R.J. Rafac and C.E. Tanner</subfield>
      <subfield code="p">1027</subfield>
      <subfield code="t">Phys. Rev., A</subfield>
      <subfield code="v">56</subfield>
      <subfield code="y">1997</subfield>
      <subfield code="s">Phys. Rev. A 56 (1997) 1027</subfield>
    </datafield>
    <datafield tag="999" ind1="C" ind2="5">
      <subfield code="o">[40]</subfield>
    </datafield>
    <datafield tag="999" ind1="C" ind2="5">
      <subfield code="m">M.-A. Bouchiat and J. Gu´ena, J. Phys.(France) : 49 (1988) 2037</subfield>
    </datafield>
    <datafield tag="999" ind1="C" ind2="5">
      <subfield code="o">[41]</subfield>
    </datafield>
    <datafield tag="999" ind1="C" ind2="5">
      <subfield code="m">D. Cho et al</subfield>
      <subfield code="p">1007</subfield>
      <subfield code="t">Phys. Rev., A</subfield>
      <subfield code="v">55</subfield>
      <subfield code="y">1997</subfield>
      <subfield code="s">Phys. Rev. A 55 (1997) 1007</subfield>
    </datafield>
    <datafield tag="999" ind1="C" ind2="5">
      <subfield code="o">[42]</subfield>
    </datafield>
    <datafield tag="999" ind1="C" ind2="5">
      <subfield code="m">A.A. Vasilyev, I.M. Savukov, M.S. Safronova, and H.G. Berry, e-print</subfield>
      <subfield code="r">physics/0112071</subfield>
    </datafield>
  </record>