
  <record>
    <datafield tag="037" ind1=" " ind2=" ">
      <subfield code="a">hep-ph/0204137</subfield>
    </datafield>
    <datafield tag="041" ind1=" " ind2=" ">
      <subfield code="a">eng</subfield>
    </datafield>
    <datafield tag="088" ind1=" " ind2=" ">
      <subfield code="a">DO-TH-02-05</subfield>
    </datafield>
    <datafield tag="100" ind1=" " ind2=" ">
      <subfield code="a">Paschos, E A</subfield>
      <subfield code="u">Univ. Dortmund</subfield>
    </datafield>
    <datafield tag="245" ind1=" " ind2=" ">
      <subfield code="a">Leptogenesis with Majorana neutrinos</subfield>
    </datafield>
    <datafield tag="260" ind1=" " ind2=" ">
      <subfield code="a">Dortmund</subfield>
      <subfield code="b">Dortmund Univ. Inst. Phys.</subfield>
      <subfield code="c">12 Apr 2002</subfield>
    </datafield>
    <datafield tag="300" ind1=" " ind2=" ">
      <subfield code="a">6 p</subfield>
    </datafield>
    <datafield tag="520" ind1=" " ind2=" ">
      <subfield code="a">I review the origin of the lepton asymmetry which is converted to a baryon excess at the electroweak scale. This scenario becomes more attractive if we can relate it to other physical phenomena. For this reason I elaborate on theconditions of the early universe which lead to a sizable lepton asymmetry. Then I describe methods and models which relate the low energy parameters of neutrinos to the high energy (cosmological) CP-violation and to neutrinolessdouble beta-decay.</subfield>
    </datafield>
    <datafield tag="595" ind1=" " ind2=" ">
      <subfield code="a">LANL EDS</subfield>
    </datafield>
    <datafield tag="650" ind1="1" ind2="7">
      <subfield code="2">SzGeCERN</subfield>
      <subfield code="a">Particle Physics - Phenomenology</subfield>
    </datafield>
    <datafield tag="856" ind1="0" ind2=" ">
      <subfield code="f">Emmanuel A. Paschos &lt;paschos@hal1.physik.uni-dortmund.de&gt;</subfield>
    </datafield>
    <datafield tag="FFT" ind1=" " ind2=" ">
      <subfield code="a">http://invenio-software.org/download/invenio-demo-site-files/0204137.pdf</subfield>
    </datafield>
    <datafield tag="FFT" ind1=" " ind2=" ">
      <subfield code="a">http://invenio-software.org/download/invenio-demo-site-files/0204137.ps.gz</subfield>
    </datafield>
    <datafield tag="909" ind1="C" ind2="5">
      <subfield code="b">CER</subfield>
    </datafield>
    <datafield tag="909" ind1="C" ind2="S">
      <subfield code="s">n</subfield>
      <subfield code="w">200231</subfield>
    </datafield>
    <datafield tag="909" ind1="C" ind2="0">
      <subfield code="b">11</subfield>
    </datafield>
    <datafield tag="909" ind1="C" ind2="0">
      <subfield code="y">2002</subfield>
    </datafield>
    <datafield tag="909" ind1="C" ind2="1">
      <subfield code="c">2002-04-15</subfield>
      <subfield code="l">00</subfield>
      <subfield code="m">2002-04-15</subfield>
      <subfield code="o">BATCH</subfield>
    </datafield>
    <datafield tag="909" ind1="C" ind2="K">
      <subfield code="b">CONTRIBUTED TO 1ST WORKSHOP ON NEUTRINO - NUCLEUS INTERACTIONS IN THE FEW GEV REGION (NUINT01) TSUKUBA JAPAN 13-16 DEC 2001 6 PAGES 6 FIGURES</subfield>
    </datafield>
    <datafield tag="980" ind1=" " ind2=" ">
      <subfield code="a">PREPRINT</subfield>
    </datafield>
    <datafield tag="999" ind1="C" ind2="5">
      <subfield code="o">1.</subfield>
    </datafield>
    <datafield tag="999" ind1="C" ind2="5">
      <subfield code="m">Fukugida and Yanagida</subfield>
      <subfield code="p">45</subfield>
      <subfield code="t">Phys. Lett., B</subfield>
      <subfield code="v">174</subfield>
      <subfield code="y">1986</subfield>
      <subfield code="s">Phys. Lett. B 174 (1986) 45</subfield>
    </datafield>
    <datafield tag="999" ind1="C" ind2="5">
      <subfield code="o">2.</subfield>
    </datafield>
    <datafield tag="999" ind1="C" ind2="5">
      <subfield code="m">M. Flanz, E.A. Paschos and U. Sarkar</subfield>
      <subfield code="p">248</subfield>
      <subfield code="t">Phys. Lett., B</subfield>
      <subfield code="v">345</subfield>
      <subfield code="y">1995</subfield>
      <subfield code="s">Phys. Lett. B 345 (1995) 248</subfield>
    </datafield>
    <datafield tag="999" ind1="C" ind2="5">
      <subfield code="o">3.</subfield>
    </datafield>
    <datafield tag="999" ind1="C" ind2="5">
      <subfield code="m">M. Luty</subfield>
      <subfield code="p">445</subfield>
      <subfield code="t">Phys. Rev., D</subfield>
      <subfield code="v">45</subfield>
      <subfield code="y">1992</subfield>
      <subfield code="s">Phys. Rev. D 45 (1992) 445</subfield>
    </datafield>
    <datafield tag="999" ind1="C" ind2="5">
      <subfield code="o">4.</subfield>
    </datafield>
    <datafield tag="999" ind1="C" ind2="5">
      <subfield code="m">M. Flanz, E.A. Paschos, U. Sarkar and J. Weiss</subfield>
      <subfield code="p">693</subfield>
      <subfield code="t">Phys. Lett., B</subfield>
      <subfield code="v">389</subfield>
      <subfield code="y">1996</subfield>
      <subfield code="s">Phys. Lett. B 389 (1996) 693</subfield>
    </datafield>
    <datafield tag="999" ind1="C" ind2="5">
      <subfield code="m">M. Flanz and E.A. Paschos</subfield>
      <subfield code="p">113009</subfield>
      <subfield code="t">Phys. Rev., D</subfield>
      <subfield code="v">58</subfield>
      <subfield code="y">1998</subfield>
      <subfield code="s">Phys. Rev. D 58 (1998) 113009</subfield>
    </datafield>
    <datafield tag="999" ind1="C" ind2="5">
      <subfield code="o">5.</subfield>
    </datafield>
    <datafield tag="999" ind1="C" ind2="5">
      <subfield code="m">A. Pilaftsis</subfield>
      <subfield code="p">5431</subfield>
      <subfield code="t">Phys. Rev., D</subfield>
      <subfield code="v">56</subfield>
      <subfield code="y">1997</subfield>
      <subfield code="s">Phys. Rev. D 56 (1997) 5431</subfield>
    </datafield>
    <datafield tag="999" ind1="C" ind2="5">
      <subfield code="o">6.</subfield>
    </datafield>
    <datafield tag="999" ind1="C" ind2="5">
      <subfield code="m">W. Buchmüller and M. Plümacher</subfield>
      <subfield code="p">354</subfield>
      <subfield code="t">Phys. Lett., B</subfield>
      <subfield code="v">431</subfield>
      <subfield code="y">1998</subfield>
      <subfield code="s">Phys. Lett. B 431 (1998) 354</subfield>
    </datafield>
    <datafield tag="999" ind1="C" ind2="5">
      <subfield code="o">7.</subfield>
    </datafield>
    <datafield tag="999" ind1="C" ind2="5">
      <subfield code="m">L. Covi, E. Roulet and F. Vissani</subfield>
      <subfield code="p">169</subfield>
      <subfield code="t">Phys. Lett., B</subfield>
      <subfield code="v">384</subfield>
      <subfield code="y">1996</subfield>
      <subfield code="s">Phys. Lett. B 384 (1996) 169</subfield>
    </datafield>
    <datafield tag="999" ind1="C" ind2="5">
      <subfield code="o">8.</subfield>
    </datafield>
    <datafield tag="999" ind1="C" ind2="5">
      <subfield code="m">E.K. Akhmedov, V.A. Rubakov and A.Y. Smirnov</subfield>
      <subfield code="p">1359</subfield>
      <subfield code="t">Phys. Rev. Lett.</subfield>
      <subfield code="v">81</subfield>
      <subfield code="y">1998</subfield>
      <subfield code="s">Phys. Rev. Lett. 81 (1998) 1359</subfield>
    </datafield>
    <datafield tag="999" ind1="C" ind2="5">
      <subfield code="o">9.</subfield>
    </datafield>
    <datafield tag="999" ind1="C" ind2="5">
      <subfield code="m">S.Y. Khlepnikov and M.E. Shaposhnikov</subfield>
      <subfield code="p">885</subfield>
      <subfield code="t">Nucl. Phys., B</subfield>
      <subfield code="v">308</subfield>
      <subfield code="y">1988</subfield>
      <subfield code="s">Nucl. Phys. B 308 (1988) 885</subfield>
    </datafield>
    <datafield tag="999" ind1="C" ind2="5">
      <subfield code="m">and references therein</subfield>
    </datafield>
    <datafield tag="999" ind1="C" ind2="5">
      <subfield code="o">10.</subfield>
    </datafield>
    <datafield tag="999" ind1="C" ind2="5">
      <subfield code="m">J. Ellis, S. Lola and D.V. Nanopoulos</subfield>
      <subfield code="p">87</subfield>
      <subfield code="t">Phys. Lett., B</subfield>
      <subfield code="v">452</subfield>
      <subfield code="y">1999</subfield>
      <subfield code="s">Phys. Lett. B 452 (1999) 87</subfield>
    </datafield>
    <datafield tag="999" ind1="C" ind2="5">
      <subfield code="o">11.</subfield>
    </datafield>
    <datafield tag="999" ind1="C" ind2="5">
      <subfield code="m">G. Lazarides and N. Vlachos</subfield>
      <subfield code="p">482</subfield>
      <subfield code="t">Phys. Lett., B</subfield>
      <subfield code="v">459</subfield>
      <subfield code="y">1999</subfield>
      <subfield code="s">Phys. Lett. B 459 (1999) 482</subfield>
    </datafield>
    <datafield tag="999" ind1="C" ind2="5">
      <subfield code="o">12.</subfield>
    </datafield>
    <datafield tag="999" ind1="C" ind2="5">
      <subfield code="m">M.S. Berger and B. Brahmachari</subfield>
      <subfield code="p">073009</subfield>
      <subfield code="t">Phys. Rev., D</subfield>
      <subfield code="v">60</subfield>
      <subfield code="y">1999</subfield>
      <subfield code="s">Phys. Rev. D 60 (1999) 073009</subfield>
    </datafield>
    <datafield tag="999" ind1="C" ind2="5">
      <subfield code="o">13.</subfield>
    </datafield>
    <datafield tag="999" ind1="C" ind2="5">
      <subfield code="m">K. Kang, S.K. Kang and U. Sarkar</subfield>
      <subfield code="p">391</subfield>
      <subfield code="t">Phys. Lett., B</subfield>
      <subfield code="v">486</subfield>
      <subfield code="y">2000</subfield>
      <subfield code="s">Phys. Lett. B 486 (2000) 391</subfield>
    </datafield>
    <datafield tag="999" ind1="C" ind2="5">
      <subfield code="o">14.</subfield>
    </datafield>
    <datafield tag="999" ind1="C" ind2="5">
      <subfield code="m">H. Goldberg</subfield>
      <subfield code="p">389</subfield>
      <subfield code="t">Phys. Lett., B</subfield>
      <subfield code="v">474</subfield>
      <subfield code="y">2000</subfield>
      <subfield code="s">Phys. Lett. B 474 (2000) 389</subfield>
    </datafield>
    <datafield tag="999" ind1="C" ind2="5">
      <subfield code="o">15.</subfield>
    </datafield>
    <datafield tag="999" ind1="C" ind2="5">
      <subfield code="m">M. Hirsch and S.F. King</subfield>
      <subfield code="p">113005</subfield>
      <subfield code="t">Phys. Rev., D</subfield>
      <subfield code="v">64</subfield>
      <subfield code="y">2001</subfield>
      <subfield code="s">Phys. Rev. D 64 (2001) 113005</subfield>
    </datafield>
    <datafield tag="999" ind1="C" ind2="5">
      <subfield code="o">16.</subfield>
    </datafield>
    <datafield tag="999" ind1="C" ind2="5">
      <subfield code="m">H. Nielsen and Y. Takanishi</subfield>
      <subfield code="p">241</subfield>
      <subfield code="t">Phys. Lett., B</subfield>
      <subfield code="v">507</subfield>
      <subfield code="y">2001</subfield>
      <subfield code="s">Phys. Lett. B 507 (2001) 241</subfield>
    </datafield>
    <datafield tag="999" ind1="C" ind2="5">
      <subfield code="o">17.</subfield>
    </datafield>
    <datafield tag="999" ind1="C" ind2="5">
      <subfield code="m">W. Buchmüller and D. Wyler</subfield>
      <subfield code="p">291</subfield>
      <subfield code="t">Phys. Lett., B</subfield>
      <subfield code="v">521</subfield>
      <subfield code="y">2001</subfield>
      <subfield code="s">Phys. Lett. B 521 (2001) 291</subfield>
    </datafield>
    <datafield tag="999" ind1="C" ind2="5">
      <subfield code="o">18.</subfield>
    </datafield>
    <datafield tag="999" ind1="C" ind2="5">
      <subfield code="m">Falcone and Tramontano</subfield>
      <subfield code="p">1</subfield>
      <subfield code="t">Phys. Lett., B</subfield>
      <subfield code="v">506</subfield>
      <subfield code="y">2001</subfield>
      <subfield code="s">Phys. Lett. B 506 (2001) 1</subfield>
    </datafield>
    <datafield tag="999" ind1="C" ind2="5">
      <subfield code="m">F. Buccella et al</subfield>
      <subfield code="p">241</subfield>
      <subfield code="t">Phys. Lett., B</subfield>
      <subfield code="v">524</subfield>
      <subfield code="y">2002</subfield>
      <subfield code="s">Phys. Lett. B 524 (2002) 241</subfield>
    </datafield>
    <datafield tag="999" ind1="C" ind2="5">
      <subfield code="o">19.</subfield>
    </datafield>
    <datafield tag="999" ind1="C" ind2="5">
      <subfield code="m">G.C. Branco et al., Nucl. Phys., B617 (2001)</subfield>
    </datafield>
    <datafield tag="999" ind1="C" ind2="5">
      <subfield code="o">475</subfield>
    </datafield>
    <datafield tag="999" ind1="C" ind2="5">
      <subfield code="o">20.</subfield>
    </datafield>
    <datafield tag="999" ind1="C" ind2="5">
      <subfield code="m">A.S. Joshipura, E.A. Paschos and W. Rodejo-hann</subfield>
      <subfield code="p">227</subfield>
      <subfield code="t">Nucl. Phys., B</subfield>
      <subfield code="v">611</subfield>
      <subfield code="y">2001</subfield>
      <subfield code="s">Nucl. Phys. B 611 (2001) 227</subfield>
    </datafield>
    <datafield tag="999" ind1="C" ind2="5">
      <subfield code="m">and</subfield>
      <subfield code="p">29</subfield>
      <subfield code="t">J. High Energy Phys.</subfield>
      <subfield code="v">0108</subfield>
      <subfield code="y">2001</subfield>
      <subfield code="s">J. High Energy Phys. 0108 (2001) 29</subfield>
    </datafield>
    <datafield tag="999" ind1="C" ind2="5">
      <subfield code="o">21.</subfield>
    </datafield>
    <datafield tag="999" ind1="C" ind2="5">
      <subfield code="m">mentioned by H.V. Klapdor­Kleingrothaus, in</subfield>
      <subfield code="r">hep-ph/0103062</subfield>
    </datafield>
  </record>