
  <record>
    <datafield tag="037" ind1=" " ind2=" ">
      <subfield code="a">hep-ph/0204138</subfield>
    </datafield>
    <datafield tag="041" ind1=" " ind2=" ">
      <subfield code="a">eng</subfield>
    </datafield>
    <datafield tag="088" ind1=" " ind2=" ">
      <subfield code="a">DO-TH-02-06</subfield>
    </datafield>
    <datafield tag="100" ind1=" " ind2=" ">
      <subfield code="a">Paschos, E A</subfield>
      <subfield code="u">Univ. Dortmund</subfield>
    </datafield>
    <datafield tag="245" ind1=" " ind2=" ">
      <subfield code="a">Neutrino Interactions at Low and Medium Energies</subfield>
    </datafield>
    <datafield tag="260" ind1=" " ind2=" ">
      <subfield code="a">Dortmund</subfield>
      <subfield code="b">Dortmund Univ. Inst. Phys.</subfield>
      <subfield code="c">12 Apr 2002</subfield>
    </datafield>
    <datafield tag="300" ind1=" " ind2=" ">
      <subfield code="a">9 p</subfield>
    </datafield>
    <datafield tag="520" ind1=" " ind2=" ">
      <subfield code="a">We discuss the calculations for several neutrino induced reactions from low energies to the GeV region. Special attention is paid to nuclear corrections when the targets are medium or heavy nuclei. Finally, we present several ratiosof neutral to charged current reactions whose values on isoscalar targets can be estimated accurately. The ratios are useful for investigating neutrino oscillations in Long Baseline experiments.</subfield>
    </datafield>
    <datafield tag="595" ind1=" " ind2=" ">
      <subfield code="a">LANL EDS</subfield>
    </datafield>
    <datafield tag="650" ind1="1" ind2="7">
      <subfield code="2">SzGeCERN</subfield>
      <subfield code="a">Particle Physics - Phenomenology</subfield>
    </datafield>
    <datafield tag="856" ind1="0" ind2=" ">
      <subfield code="f">Emmanuel A. Paschos &lt;paschos@hal1.physik.uni-dortmund.de&gt;</subfield>
    </datafield>
    <datafield tag="FFT" ind1=" " ind2=" ">
      <subfield code="a">http://invenio-software.org/download/invenio-demo-site-files/0204138.pdf</subfield>
    </datafield>
    <datafield tag="FFT" ind1=" " ind2=" ">
      <subfield code="a">http://invenio-software.org/download/invenio-demo-site-files/0204138.ps.gz</subfield>
    </datafield>
    <datafield tag="909" ind1="C" ind2="5">
      <subfield code="b">CER</subfield>
    </datafield>
    <datafield tag="909" ind1="C" ind2="S">
      <subfield code="s">n</subfield>
      <subfield code="w">200231</subfield>
    </datafield>
    <datafield tag="909" ind1="C" ind2="0">
      <subfield code="b">11</subfield>
    </datafield>
    <datafield tag="909" ind1="C" ind2="0">
      <subfield code="y">2002</subfield>
    </datafield>
    <datafield tag="909" ind1="C" ind2="1">
      <subfield code="c">2002-04-15</subfield>
      <subfield code="l">00</subfield>
      <subfield code="m">2002-04-15</subfield>
      <subfield code="o">BATCH</subfield>
    </datafield>
    <datafield tag="909" ind1="C" ind2="K">
      <subfield code="b">CONTRIBUTED TO 1ST WORKSHOP ON NEUTRINO - NUCLEUS INTERACTIONS IN THE FEW GEV REGION (NUINT01) TSUKUBA JAPAN 13-16 DEC 2001 9 PAGES 15 FIGURES</subfield>
    </datafield>
    <datafield tag="980" ind1=" " ind2=" ">
      <subfield code="a">PREPRINT</subfield>
    </datafield>
    <datafield tag="999" ind1="C" ind2="5">
      <subfield code="o">1.</subfield>
    </datafield>
    <datafield tag="999" ind1="C" ind2="5">
      <subfield code="m">E. A. Paschos, L. Pasquali and J. Y. Yu</subfield>
      <subfield code="p">263</subfield>
      <subfield code="t">Nucl. Phys., B</subfield>
      <subfield code="v">588</subfield>
      <subfield code="y">2000</subfield>
      <subfield code="s">Nucl. Phys. B 588 (2000) 263</subfield>
    </datafield>
    <datafield tag="999" ind1="C" ind2="5">
      <subfield code="o">2.</subfield>
    </datafield>
    <datafield tag="999" ind1="C" ind2="5">
      <subfield code="m">E. A. Paschos and J. Y. Yu</subfield>
      <subfield code="p">033002</subfield>
      <subfield code="t">Phys. Rev., D</subfield>
      <subfield code="v">65</subfield>
      <subfield code="y">2002</subfield>
      <subfield code="s">Phys. Rev. D 65 (2002) 033002</subfield>
    </datafield>
    <datafield tag="999" ind1="C" ind2="5">
      <subfield code="o">3.</subfield>
    </datafield>
    <datafield tag="999" ind1="C" ind2="5">
      <subfield code="m">C. Albright and C. Jarlskog</subfield>
      <subfield code="p">467</subfield>
      <subfield code="t">Nucl. Phys., B</subfield>
      <subfield code="v">84</subfield>
      <subfield code="y">1975</subfield>
      <subfield code="s">Nucl. Phys. B 84 (1975) 467</subfield>
    </datafield>
    <datafield tag="999" ind1="C" ind2="5">
      <subfield code="o">4.</subfield>
    </datafield>
    <datafield tag="999" ind1="C" ind2="5">
      <subfield code="m">N. J. Baker et al</subfield>
      <subfield code="p">617</subfield>
      <subfield code="t">Phys. Rev., D</subfield>
      <subfield code="v">25</subfield>
      <subfield code="y">1982</subfield>
      <subfield code="s">Phys. Rev. D 25 (1982) 617</subfield>
    </datafield>
    <datafield tag="999" ind1="C" ind2="5">
      <subfield code="o">5.</subfield>
    </datafield>
    <datafield tag="999" ind1="C" ind2="5">
      <subfield code="m">M. Hirai, S. Kumano and M. Miyama</subfield>
      <subfield code="p">034003</subfield>
      <subfield code="t">Phys. Rev., D</subfield>
      <subfield code="v">64</subfield>
      <subfield code="y">2001</subfield>
      <subfield code="s">Phys. Rev. D 64 (2001) 034003</subfield>
    </datafield>
    <datafield tag="999" ind1="C" ind2="5">
      <subfield code="o">6.</subfield>
    </datafield>
    <datafield tag="999" ind1="C" ind2="5">
      <subfield code="m">K. J. Eskola, V. J. Kolhinen and P. V. Ru-uskanen</subfield>
      <subfield code="p">351</subfield>
      <subfield code="t">Nucl. Phys., B</subfield>
      <subfield code="v">535</subfield>
      <subfield code="y">1998</subfield>
      <subfield code="s">Nucl. Phys. B 535 (1998) 351</subfield>
    </datafield>
    <datafield tag="999" ind1="C" ind2="5">
      <subfield code="m">K. J. Eskola, V. J. Kolhinen, P. V. Ruuskanen and C. A. Salgado</subfield>
      <subfield code="p">645</subfield>
      <subfield code="t">Nucl. Phys., A</subfield>
      <subfield code="v">661</subfield>
      <subfield code="y">1999</subfield>
      <subfield code="s">Nucl. Phys. A 661 (1999) 645</subfield>
    </datafield>
    <datafield tag="999" ind1="C" ind2="5">
      <subfield code="o">7.</subfield>
    </datafield>
    <datafield tag="999" ind1="C" ind2="5">
      <subfield code="m">See Figure 1 in Ref. [2]</subfield>
    </datafield>
    <datafield tag="999" ind1="C" ind2="5">
      <subfield code="o">8.</subfield>
    </datafield>
    <datafield tag="999" ind1="C" ind2="5">
      <subfield code="m">P. A. Schreiner and F. V. von Hippel</subfield>
      <subfield code="p">333</subfield>
      <subfield code="t">Nucl. Phys., B</subfield>
      <subfield code="v">58</subfield>
      <subfield code="y">1973</subfield>
      <subfield code="s">Nucl. Phys. B 58 (1973) 333</subfield>
    </datafield>
    <datafield tag="999" ind1="C" ind2="5">
      <subfield code="o">9.</subfield>
    </datafield>
    <datafield tag="999" ind1="C" ind2="5">
      <subfield code="m">S. L. Adler, S. Nussinov. and E. A. Paschos</subfield>
      <subfield code="p">2125</subfield>
      <subfield code="t">Phys. Rev., D</subfield>
      <subfield code="v">9</subfield>
      <subfield code="y">1974</subfield>
      <subfield code="s">Phys. Rev. D 9 (1974) 2125</subfield>
    </datafield>
    <datafield tag="999" ind1="C" ind2="5">
      <subfield code="o">10.</subfield>
    </datafield>
    <datafield tag="999" ind1="C" ind2="5">
      <subfield code="m">S. L. Adler</subfield>
      <subfield code="p">2644</subfield>
      <subfield code="t">Phys. Rev., D</subfield>
      <subfield code="v">12</subfield>
      <subfield code="y">1975</subfield>
      <subfield code="s">Phys. Rev. D 12 (1975) 2644</subfield>
    </datafield>
    <datafield tag="999" ind1="C" ind2="5">
      <subfield code="o">11.</subfield>
    </datafield>
    <datafield tag="999" ind1="C" ind2="5">
      <subfield code="m">P. Musset and J. P. Vialle</subfield>
      <subfield code="p">1</subfield>
      <subfield code="t">Phys. Rep.</subfield>
      <subfield code="v">39</subfield>
      <subfield code="y">1978</subfield>
      <subfield code="s">Phys. Rep. 39 (1978) 1</subfield>
    </datafield>
    <datafield tag="999" ind1="C" ind2="5">
      <subfield code="o">12.</subfield>
    </datafield>
    <datafield tag="999" ind1="C" ind2="5">
      <subfield code="m">H. Kluttig, J. G. Morfin and W. Van Do-minick</subfield>
      <subfield code="p">446</subfield>
      <subfield code="t">Phys. Lett., B</subfield>
      <subfield code="v">71</subfield>
      <subfield code="y">1977</subfield>
      <subfield code="s">Phys. Lett. B 71 (1977) 446</subfield>
    </datafield>
    <datafield tag="999" ind1="C" ind2="5">
      <subfield code="o">13.</subfield>
    </datafield>
    <datafield tag="999" ind1="C" ind2="5">
      <subfield code="m">R. Merenyi et al</subfield>
      <subfield code="p">743</subfield>
      <subfield code="t">Phys. Rev., D</subfield>
      <subfield code="v">45</subfield>
      <subfield code="y">1982</subfield>
      <subfield code="s">Phys. Rev. D 45 (1982) 743</subfield>
    </datafield>
    <datafield tag="999" ind1="C" ind2="5">
      <subfield code="o">14.</subfield>
    </datafield>
    <datafield tag="999" ind1="C" ind2="5">
      <subfield code="m">S. K. Singh, M. T. Vicente-Vacas and E. Oset</subfield>
      <subfield code="p">23</subfield>
      <subfield code="t">Phys. Lett., B</subfield>
      <subfield code="v">416</subfield>
      <subfield code="y">1998</subfield>
      <subfield code="s">Phys. Lett. B 416 (1998) 23</subfield>
    </datafield>
    <datafield tag="999" ind1="C" ind2="5">
      <subfield code="o">15.</subfield>
    </datafield>
    <datafield tag="999" ind1="C" ind2="5">
      <subfield code="m">E. A. Paschos and L. Wolfenstein</subfield>
      <subfield code="p">91</subfield>
      <subfield code="t">Phys. Rev., D</subfield>
      <subfield code="v">7</subfield>
      <subfield code="y">1973</subfield>
      <subfield code="s">Phys. Rev. D 7 (1973) 91</subfield>
    </datafield>
    <datafield tag="999" ind1="C" ind2="5">
      <subfield code="m">see equation (15)</subfield>
    </datafield>
    <datafield tag="999" ind1="C" ind2="5">
      <subfield code="o">16.</subfield>
    </datafield>
    <datafield tag="999" ind1="C" ind2="5">
      <subfield code="m">E. A. Paschos, Precise Ratios for Neutrino-Nucleon and Neutrino-Nucleus Interactions, Dortmund preprint­DO­TH 02/02; hep-ph 0204090</subfield>
    </datafield>
    <datafield tag="999" ind1="C" ind2="5">
      <subfield code="o">17.</subfield>
    </datafield>
    <datafield tag="999" ind1="C" ind2="5">
      <subfield code="m">G. Gounaris, E. A. Paschos and P. Porfyri-adis</subfield>
      <subfield code="p">63</subfield>
      <subfield code="t">Phys. Lett., B</subfield>
      <subfield code="v">525</subfield>
      <subfield code="y">2002</subfield>
      <subfield code="s">Phys. Lett. B 525 (2002) 63</subfield>
    </datafield>
    <datafield tag="999" ind1="C" ind2="5">
      <subfield code="o">18.</subfield>
    </datafield>
    <datafield tag="999" ind1="C" ind2="5">
      <subfield code="m">J. Bouchez and I. Giomataris, CEA/Saclay internal note, DAPNIA/01-07, June 2001</subfield>
    </datafield>
  </record>