
  <record>
    <datafield tag="037" ind1=" " ind2=" ">
      <subfield code="a">hep-ph/0204141</subfield>
    </datafield>
    <datafield tag="041" ind1=" " ind2=" ">
      <subfield code="a">eng</subfield>
    </datafield>
    <datafield tag="100" ind1=" " ind2=" ">
      <subfield code="a">Appelquist, T</subfield>
      <subfield code="u">Yale University</subfield>
    </datafield>
    <datafield tag="245" ind1=" " ind2=" ">
      <subfield code="a">Neutrino Masses in Theories with Dynamical Electroweak Symmetry Breaking</subfield>
    </datafield>
    <datafield tag="260" ind1=" " ind2=" ">
      <subfield code="c">12 Apr 2002</subfield>
    </datafield>
    <datafield tag="300" ind1=" " ind2=" ">
      <subfield code="a">4 p</subfield>
    </datafield>
    <datafield tag="520" ind1=" " ind2=" ">
      <subfield code="a">We address the problem of accounting for light neutrino masses in theories with dynamical electroweak symmetry breaking. As a possible solution, we embed (extended) technicolor in a theory in which a $|\Delta L|=2$ neutrinocondensate forms at a scale $\Lambda_N \gsim 10^{11}$ GeV, and produces acceptably small (Majorana) neutrino masses. We present an explicit model illustrating this mechanism.</subfield>
    </datafield>
    <datafield tag="595" ind1=" " ind2=" ">
      <subfield code="a">LANL EDS</subfield>
    </datafield>
    <datafield tag="650" ind1="1" ind2="7">
      <subfield code="2">SzGeCERN</subfield>
      <subfield code="a">Particle Physics - Phenomenology</subfield>
    </datafield>
    <datafield tag="700" ind1=" " ind2=" ">
      <subfield code="a">Shrock, R</subfield>
    </datafield>
    <datafield tag="856" ind1="0" ind2=" ">
      <subfield code="f">Robert Shrock &lt;shrock@insti.physics.sunysb.edu&gt;</subfield>
    </datafield>
    <datafield tag="FFT" ind1=" " ind2=" ">
      <subfield code="a">http://invenio-software.org/download/invenio-demo-site-files/0204141.pdf</subfield>
    </datafield>
    <datafield tag="FFT" ind1=" " ind2=" ">
      <subfield code="a">http://invenio-software.org/download/invenio-demo-site-files/0204141.ps.gz</subfield>
    </datafield>
    <datafield tag="909" ind1="C" ind2="5">
      <subfield code="b">CER</subfield>
    </datafield>
    <datafield tag="909" ind1="C" ind2="S">
      <subfield code="s">n</subfield>
      <subfield code="w">200231</subfield>
    </datafield>
    <datafield tag="909" ind1="C" ind2="0">
      <subfield code="y">2002</subfield>
    </datafield>
    <datafield tag="909" ind1="C" ind2="0">
      <subfield code="b">11</subfield>
    </datafield>
    <datafield tag="909" ind1="C" ind2="1">
      <subfield code="y">Appelquist, Thomas</subfield>
    </datafield>
    <datafield tag="909" ind1="C" ind2="1">
      <subfield code="y">Shrock, Robert</subfield>
    </datafield>
    <datafield tag="909" ind1="C" ind2="1">
      <subfield code="c">2002-04-15</subfield>
      <subfield code="l">00</subfield>
      <subfield code="m">2002-04-15</subfield>
      <subfield code="o">BATCH</subfield>
    </datafield>
    <datafield tag="980" ind1=" " ind2=" ">
      <subfield code="a">PREPRINT</subfield>
    </datafield>
    <datafield tag="999" ind1="C" ind2="5">
      <subfield code="o">[1]</subfield>
    </datafield>
    <datafield tag="999" ind1="C" ind2="5">
      <subfield code="m">S. Fukuda, et al</subfield>
      <subfield code="p">5651</subfield>
      <subfield code="t">Phys. Rev. Lett.</subfield>
      <subfield code="v">86</subfield>
      <subfield code="y">2001</subfield>
      <subfield code="s">Phys. Rev. Lett. 86 (2001) 5651</subfield>
    </datafield>
    <datafield tag="999" ind1="C" ind2="5">
      <subfield code="m">S. Fukuda et al. ibid, 5656 (2001) (SuperK) and Q.R. Ahmad et al</subfield>
      <subfield code="p">071301</subfield>
      <subfield code="t">Phys. Rev. Lett.</subfield>
      <subfield code="v">87</subfield>
      <subfield code="y">2001</subfield>
      <subfield code="s">Phys. Rev. Lett. 87 (2001) 071301</subfield>
    </datafield>
    <datafield tag="999" ind1="C" ind2="5">
      <subfield code="m">(SNO). Other data is from the Homestake, Kamiokande, GALLEX, and SAGE experiments</subfield>
    </datafield>
    <datafield tag="999" ind1="C" ind2="5">
      <subfield code="o">[2]</subfield>
    </datafield>
    <datafield tag="999" ind1="C" ind2="5">
      <subfield code="m">Y. Fukuda et al</subfield>
      <subfield code="p">9</subfield>
      <subfield code="t">Phys. Lett., B</subfield>
      <subfield code="v">433</subfield>
      <subfield code="y">1998</subfield>
      <subfield code="s">Phys. Lett. B 433 (1998) 9</subfield>
    </datafield>
    <datafield tag="999" ind1="C" ind2="5">
      <subfield code="p">1562</subfield>
      <subfield code="t">Phys. Rev. Lett.</subfield>
      <subfield code="v">81</subfield>
      <subfield code="y">1998</subfield>
      <subfield code="s">Phys. Rev. Lett. 81 (1998) 1562</subfield>
    </datafield>
    <datafield tag="999" ind1="C" ind2="5">
      <subfield code="p">2644</subfield>
      <subfield code="t">Phys. Rev. Lett.</subfield>
      <subfield code="v">82</subfield>
      <subfield code="y">1999</subfield>
      <subfield code="s">Phys. Rev. Lett. 82 (1999) 2644</subfield>
    </datafield>
    <datafield tag="999" ind1="C" ind2="5">
      <subfield code="p">185</subfield>
      <subfield code="t">Phys. Lett., B</subfield>
      <subfield code="v">467</subfield>
      <subfield code="y">1999</subfield>
      <subfield code="s">Phys. Lett. B 467 (1999) 185</subfield>
    </datafield>
    <datafield tag="999" ind1="C" ind2="5">
      <subfield code="m">(SuperK) and data from Kamiokande, IMB, Soudan-2, and MACRO experiments. The data, which is consistent with results from K2K, indicates that |m( 3)2 - m( 2)2| |m( 3)2 - m( 1)2| 2.5 × 10-3 eV2. With a hierarchical mass assumption, one infers m( 3) m232 0.05 eV</subfield>
    </datafield>
    <datafield tag="999" ind1="C" ind2="5">
      <subfield code="o">[3]</subfield>
    </datafield>
    <datafield tag="999" ind1="C" ind2="5">
      <subfield code="m">S. Weinberg</subfield>
      <subfield code="p">1277</subfield>
      <subfield code="t">Phys. Rev., D</subfield>
      <subfield code="v">19</subfield>
      <subfield code="y">1979</subfield>
      <subfield code="s">Phys. Rev. D 19 (1979) 1277</subfield>
    </datafield>
    <datafield tag="999" ind1="C" ind2="5">
      <subfield code="m">L. Susskind</subfield>
      <subfield code="p">2619</subfield>
      <subfield code="t">Phys. Rev., D</subfield>
      <subfield code="v">20</subfield>
      <subfield code="y">1979</subfield>
      <subfield code="s">Phys. Rev. D 20 (1979) 2619</subfield>
    </datafield>
    <datafield tag="999" ind1="C" ind2="5">
      <subfield code="m">E. Eichten and K. Lane</subfield>
      <subfield code="p">125</subfield>
      <subfield code="t">Phys. Lett., B</subfield>
      <subfield code="v">90</subfield>
      <subfield code="y">1980</subfield>
      <subfield code="s">Phys. Lett. B 90 (1980) 125</subfield>
    </datafield>
    <datafield tag="999" ind1="C" ind2="5">
      <subfield code="o">[4]</subfield>
    </datafield>
    <datafield tag="999" ind1="C" ind2="5">
      <subfield code="m">P. Sikivie, L. Susskind, M. Voloshin, and V. Zakharov</subfield>
      <subfield code="p">189</subfield>
      <subfield code="t">Nucl. Phys., B</subfield>
      <subfield code="v">173</subfield>
      <subfield code="y">1980</subfield>
      <subfield code="s">Nucl. Phys. B 173 (1980) 189</subfield>
    </datafield>
    <datafield tag="999" ind1="C" ind2="5">
      <subfield code="o">[5]</subfield>
    </datafield>
    <datafield tag="999" ind1="C" ind2="5">
      <subfield code="m">B. Holdom</subfield>
      <subfield code="p">301</subfield>
      <subfield code="t">Phys. Lett., B</subfield>
      <subfield code="v">150</subfield>
      <subfield code="y">1985</subfield>
      <subfield code="s">Phys. Lett. B 150 (1985) 301</subfield>
    </datafield>
    <datafield tag="999" ind1="C" ind2="5">
      <subfield code="m">K Yamawaki, M. Bando, and K. Matumoto</subfield>
      <subfield code="p">1335</subfield>
      <subfield code="t">Phys. Rev. Lett.</subfield>
      <subfield code="v">56</subfield>
      <subfield code="y">1986</subfield>
      <subfield code="s">Phys. Rev. Lett. 56 (1986) 1335</subfield>
    </datafield>
    <datafield tag="999" ind1="C" ind2="5">
      <subfield code="m">T. Appelquist, D. Karabali, and L. Wijeward-hana</subfield>
      <subfield code="p">957</subfield>
      <subfield code="t">Phys. Rev. Lett.</subfield>
      <subfield code="v">57</subfield>
      <subfield code="y">1986</subfield>
      <subfield code="s">Phys. Rev. Lett. 57 (1986) 957</subfield>
    </datafield>
    <datafield tag="999" ind1="C" ind2="5">
      <subfield code="m">T. Appelquist and L.C.R. Wijewardhana</subfield>
      <subfield code="p">774</subfield>
      <subfield code="t">Phys. Rev., D</subfield>
      <subfield code="v">35</subfield>
      <subfield code="y">1987</subfield>
      <subfield code="s">Phys. Rev. D 35 (1987) 774</subfield>
    </datafield>
    <datafield tag="999" ind1="C" ind2="5">
      <subfield code="p">568</subfield>
      <subfield code="t">Phys. Rev., D</subfield>
      <subfield code="v">36</subfield>
      <subfield code="y">1987</subfield>
      <subfield code="s">Phys. Rev. D 36 (1987) 568</subfield>
    </datafield>
    <datafield tag="999" ind1="C" ind2="5">
      <subfield code="o">[6]</subfield>
    </datafield>
    <datafield tag="999" ind1="C" ind2="5">
      <subfield code="m">B. Holdom</subfield>
      <subfield code="p">1637</subfield>
      <subfield code="t">Phys. Rev., D</subfield>
      <subfield code="v">23</subfield>
      <subfield code="y">1981</subfield>
      <subfield code="s">Phys. Rev. D 23 (1981) 1637</subfield>
    </datafield>
    <datafield tag="999" ind1="C" ind2="5">
      <subfield code="p">169</subfield>
      <subfield code="t">Phys. Lett., B</subfield>
      <subfield code="v">246</subfield>
      <subfield code="y">1990</subfield>
      <subfield code="s">Phys. Lett. B 246 (1990) 169</subfield>
    </datafield>
    <datafield tag="999" ind1="C" ind2="5">
      <subfield code="o">[7]</subfield>
    </datafield>
    <datafield tag="999" ind1="C" ind2="5">
      <subfield code="m">T. Appelquist and J. Terning</subfield>
      <subfield code="p">139</subfield>
      <subfield code="t">Phys. Lett., B</subfield>
      <subfield code="v">315</subfield>
      <subfield code="y">1993</subfield>
      <subfield code="s">Phys. Lett. B 315 (1993) 139</subfield>
    </datafield>
    <datafield tag="999" ind1="C" ind2="5">
      <subfield code="m">T. Appelquist, J. Terning, and L. Wijewardhana</subfield>
      <subfield code="p">1214</subfield>
      <subfield code="t">Phys. Rev. Lett.</subfield>
      <subfield code="v">77</subfield>
      <subfield code="y">1996</subfield>
      <subfield code="s">Phys. Rev. Lett. 77 (1996) 1214</subfield>
    </datafield>
    <datafield tag="999" ind1="C" ind2="5">
      <subfield code="p">2767</subfield>
      <subfield code="t">Phys. Rev. Lett.</subfield>
      <subfield code="v">79</subfield>
      <subfield code="y">1997</subfield>
      <subfield code="s">Phys. Rev. Lett. 79 (1997) 2767</subfield>
    </datafield>
    <datafield tag="999" ind1="C" ind2="5">
      <subfield code="m">T. Appelquist, N. Evans, S. Selipsky</subfield>
      <subfield code="p">145</subfield>
      <subfield code="t">Phys. Lett., B</subfield>
      <subfield code="v">374</subfield>
      <subfield code="y">1996</subfield>
      <subfield code="s">Phys. Lett. B 374 (1996) 145</subfield>
    </datafield>
    <datafield tag="999" ind1="C" ind2="5">
      <subfield code="m">T. Appelquist and S. Selipsky</subfield>
      <subfield code="p">364</subfield>
      <subfield code="t">Phys. Lett., B</subfield>
      <subfield code="v">400</subfield>
      <subfield code="y">1997</subfield>
      <subfield code="s">Phys. Lett. B 400 (1997) 364</subfield>
    </datafield>
    <datafield tag="999" ind1="C" ind2="5">
      <subfield code="o">[8]</subfield>
    </datafield>
    <datafield tag="999" ind1="C" ind2="5">
      <subfield code="m">T. Appelquist, J. Terning</subfield>
      <subfield code="p">2116</subfield>
      <subfield code="t">Phys. Rev., D</subfield>
      <subfield code="v">50</subfield>
      <subfield code="y">1994</subfield>
      <subfield code="s">Phys. Rev. D 50 (1994) 2116</subfield>
    </datafield>
    <datafield tag="999" ind1="C" ind2="5">
      <subfield code="o">[9]</subfield>
    </datafield>
    <datafield tag="999" ind1="C" ind2="5">
      <subfield code="m">Recent reviews include R. Chivukula</subfield>
      <subfield code="r">hep-ph/0011264</subfield>
    </datafield>
    <datafield tag="999" ind1="C" ind2="5">
      <subfield code="m">K. Lane</subfield>
      <subfield code="r">hep-ph/0202255</subfield>
    </datafield>
    <datafield tag="999" ind1="C" ind2="5">
      <subfield code="m">C. Hill E. Simmons</subfield>
      <subfield code="r">hep-ph/0203079</subfield>
    </datafield>
    <datafield tag="999" ind1="C" ind2="5">
      <subfield code="o">[10]</subfield>
    </datafield>
    <datafield tag="999" ind1="C" ind2="5">
      <subfield code="m">M. Gell-Mann, P. Ramond, R. Slansky, in Supergrav-ity (North Holland, Amsterdam, 1979), p. 315; T. Yanagida in proceedings of Workshop on Unified Theory and Baryon Number in the Universe, KEK, 1979</subfield>
    </datafield>
    <datafield tag="999" ind1="C" ind2="5">
      <subfield code="o">[11]</subfield>
    </datafield>
    <datafield tag="999" ind1="C" ind2="5">
      <subfield code="m">Although we require our model to yield a small S, a re-analysis of precision electroweak data is called for in view of the value of sin2 W reported in G. Zeller et al</subfield>
      <subfield code="p">091802</subfield>
      <subfield code="t">Phys. Rev. Lett.</subfield>
      <subfield code="v">88</subfield>
      <subfield code="y">2002</subfield>
      <subfield code="s">Phys. Rev. Lett. 88 (2002) 091802</subfield>
    </datafield>
    <datafield tag="999" ind1="C" ind2="5">
      <subfield code="o">[12]</subfield>
    </datafield>
    <datafield tag="999" ind1="C" ind2="5">
      <subfield code="m">For a vectorial SU(N) theory with Nf fermions in the fundamental representation, an IRFP occurs if Nf &gt; Nf,min,IR, where, perturbatively, Nf,min,IR 34N3/(13N2 -3). At this IRFP, using the criticality con-dition [13], the theory is expected to exist in a confining phase with S SB if Nf,min,IR &lt; Nf &lt; Nf,con, where Nf,con (2/5)N(50N2 - 33)/(5N2 - 3) and in a confor-mal phase if Nf,con &lt; Nf &lt; 11N/2. For N = 2 we have Nf,min,IR 5 and Nf,con 8, respectively. For attempts at lattice measurements, see R. Mawhinney</subfield>
      <subfield code="p">57</subfield>
      <subfield code="t">Nucl. Phys. B, Proc. Suppl.</subfield>
      <subfield code="v">83</subfield>
      <subfield code="y">2000</subfield>
      <subfield code="s">Nucl. Phys. B, Proc. Suppl. 83 (2000) 57</subfield>
    </datafield>
    <datafield tag="999" ind1="C" ind2="5">
      <subfield code="o">[13]</subfield>
    </datafield>
    <datafield tag="999" ind1="C" ind2="5">
      <subfield code="m">In the approximation of a single-gauge-boson exchange, the critical coupling for the condensation of fermion rep-resentations R1 × R2 Rc is 3 2 C2 = 1, where C2 = [C2(R1) + C2(R2) - C2(Rc)], and C2(R) is the quadratic Casimir invariant. Instanton contributions are also important [7]</subfield>
    </datafield>
    <datafield tag="999" ind1="C" ind2="5">
      <subfield code="o">[14]</subfield>
    </datafield>
    <datafield tag="999" ind1="C" ind2="5">
      <subfield code="m">J. Gasser, H. Leutwyler</subfield>
      <subfield code="p">77</subfield>
      <subfield code="t">Phys. Rep.</subfield>
      <subfield code="v">87</subfield>
      <subfield code="y">1982</subfield>
      <subfield code="s">Phys. Rep. 87 (1982) 77</subfield>
    </datafield>
    <datafield tag="999" ind1="C" ind2="5">
      <subfield code="m">H. Leutwyler, in</subfield>
      <subfield code="p">108</subfield>
      <subfield code="t">Nucl. Phys. B, Proc. Suppl.</subfield>
      <subfield code="v">94</subfield>
      <subfield code="y">2001</subfield>
      <subfield code="s">Nucl. Phys. B, Proc. Suppl. 94 (2001) 108</subfield>
    </datafield>
    <datafield tag="999" ind1="C" ind2="5">
      <subfield code="o">[15]</subfield>
    </datafield>
    <datafield tag="999" ind1="C" ind2="5">
      <subfield code="m">A. Ali Khan et al</subfield>
      <subfield code="p">4674</subfield>
      <subfield code="t">Phys. Rev. Lett.</subfield>
      <subfield code="v">85</subfield>
      <subfield code="y">2000</subfield>
      <subfield code="s">Phys. Rev. Lett. 85 (2000) 4674</subfield>
    </datafield>
    <datafield tag="999" ind1="C" ind2="5">
      <subfield code="m">M. Wingate et al., Int. J. Mod. Phys., A16 S B1 (2001) 585</subfield>
    </datafield>
    <datafield tag="999" ind1="C" ind2="5">
      <subfield code="o">[16]</subfield>
    </datafield>
    <datafield tag="999" ind1="C" ind2="5">
      <subfield code="m">Here a = exp[ETC,a fF (dµ/µ) ( (µ))], and in walking TC theories the anomalous dimension 1 so a ETC,a/fF</subfield>
    </datafield>
    <datafield tag="999" ind1="C" ind2="5">
      <subfield code="o">[17]</subfield>
    </datafield>
    <datafield tag="999" ind1="C" ind2="5">
      <subfield code="m">By convention, we write SM-singlet neutrinos as right-handed fields j,R. These are assigned lepton number 1. Thus, in writing SU(4)PS SU(3)c × U(1), the U(1) is not U(1)B-L since some neutrinos in the model are SU(4)PS-singlet states</subfield>
    </datafield>
    <datafield tag="999" ind1="C" ind2="5">
      <subfield code="o">[18]</subfield>
    </datafield>
    <datafield tag="999" ind1="C" ind2="5">
      <subfield code="m">Z. Maki, M. Nakagawa, S. Sakata</subfield>
      <subfield code="p">870</subfield>
      <subfield code="t">Prog. Theor. Phys.</subfield>
      <subfield code="v">28</subfield>
      <subfield code="y">1962</subfield>
      <subfield code="s">Prog. Theor. Phys. 28 (1962) 870</subfield>
    </datafield>
    <datafield tag="999" ind1="C" ind2="5">
      <subfield code="m">(2 × 2 matrix); B. W. Lee, S. Pakvasa, R. Shrock, and H. Sugawara</subfield>
      <subfield code="p">937</subfield>
      <subfield code="t">Phys. Rev. Lett.</subfield>
      <subfield code="v">38</subfield>
      <subfield code="y">1977</subfield>
      <subfield code="s">Phys. Rev. Lett. 38 (1977) 937</subfield>
    </datafield>
    <datafield tag="999" ind1="C" ind2="5">
      <subfield code="m">(3 × 3 matrix)</subfield>
    </datafield>
    <datafield tag="999" ind1="C" ind2="5">
      <subfield code="o">[19]</subfield>
    </datafield>
    <datafield tag="999" ind1="C" ind2="5">
      <subfield code="m">T. Appelquist and R. Shrock, to appear</subfield>
    </datafield>
    <datafield tag="999" ind1="C" ind2="5">
      <subfield code="o">[20]</subfield>
    </datafield>
    <datafield tag="999" ind1="C" ind2="5">
      <subfield code="m">K. Dienes, E. Dudas, T. Gherghetta</subfield>
      <subfield code="p">25</subfield>
      <subfield code="t">Nucl. Phys., B</subfield>
      <subfield code="v">557</subfield>
      <subfield code="y">1999</subfield>
      <subfield code="s">Nucl. Phys. B 557 (1999) 25</subfield>
    </datafield>
    <datafield tag="999" ind1="C" ind2="5">
      <subfield code="m">N. Arkani-Hamed, S. Dimopoulos, G. Dvali, and J. March-Russell</subfield>
      <subfield code="r">hep-ph/9811448</subfield>
    </datafield>
    <datafield tag="999" ind1="C" ind2="5">
      <subfield code="m">T. Appelquist, B. Dobrescu, E. Ponton, and H.-U. Yee</subfield>
      <subfield code="r">hep-ph/0201131</subfield>
    </datafield>
  </record>