
  <record>
    <datafield tag="037" ind1=" " ind2=" ">
      <subfield code="a">hep-th/0204100</subfield>
    </datafield>
    <datafield tag="041" ind1=" " ind2=" ">
      <subfield code="a">eng</subfield>
    </datafield>
    <datafield tag="088" ind1=" " ind2=" ">
      <subfield code="a">LBNL-50097</subfield>
    </datafield>
    <datafield tag="088" ind1=" " ind2=" ">
      <subfield code="a">UCB-PTH-02-14</subfield>
    </datafield>
    <datafield tag="100" ind1=" " ind2=" ">
      <subfield code="a">Gaillard, M K</subfield>
      <subfield code="u">University of California, Berkeley</subfield>
    </datafield>
    <datafield tag="245" ind1=" " ind2=" ">
      <subfield code="a">Modular Invariant Anomalous U(1) Breaking</subfield>
    </datafield>
    <datafield tag="260" ind1=" " ind2=" ">
      <subfield code="a">Berkeley, CA</subfield>
      <subfield code="b">Lawrence Berkeley Nat. Lab.</subfield>
      <subfield code="c">11 Apr 2002</subfield>
    </datafield>
    <datafield tag="300" ind1=" " ind2=" ">
      <subfield code="a">19 p</subfield>
    </datafield>
    <datafield tag="520" ind1=" " ind2=" ">
      <subfield code="a">We describe the effective supergravity theory present below the scale of spontaneous gauge symmetry breaking due to an anomalous U(1), obtained by integrating out tree-level interactions of massive modes. A simple case is examined insome detail. We find that the effective theory can be expressed in the linear multiplet formulation, with some interesting consequences. Among them, the modified linearity conditions lead to new interactions not present in the theorywithout an anomalous U(1). These additional interactions are compactly expressed through a superfield functional.</subfield>
    </datafield>
    <datafield tag="595" ind1=" " ind2=" ">
      <subfield code="a">LANL EDS</subfield>
    </datafield>
    <datafield tag="650" ind1="1" ind2="7">
      <subfield code="2">SzGeCERN</subfield>
      <subfield code="a">Particle Physics - Theory</subfield>
    </datafield>
    <datafield tag="700" ind1=" " ind2=" ">
      <subfield code="a">Giedt, J</subfield>
    </datafield>
    <datafield tag="856" ind1="0" ind2=" ">
      <subfield code="f">Mary K Gaillard &lt;gaillard@thsrv.lbl.gov&gt;</subfield>
    </datafield>
    <datafield tag="FFT" ind1=" " ind2=" ">
      <subfield code="a">http://invenio-software.org/download/invenio-demo-site-files/0204100.pdf</subfield>
    </datafield>
    <datafield tag="FFT" ind1=" " ind2=" ">
      <subfield code="a">http://invenio-software.org/download/invenio-demo-site-files/0204100.ps.gz</subfield>
    </datafield>
    <datafield tag="909" ind1="C" ind2="5">
      <subfield code="b">CER</subfield>
    </datafield>
    <datafield tag="909" ind1="C" ind2="S">
      <subfield code="s">n</subfield>
      <subfield code="w">200231</subfield>
    </datafield>
    <datafield tag="909" ind1="C" ind2="0">
      <subfield code="y">2002</subfield>
    </datafield>
    <datafield tag="909" ind1="C" ind2="0">
      <subfield code="b">11</subfield>
    </datafield>
    <datafield tag="909" ind1="C" ind2="1">
      <subfield code="y">Gaillard, Mary K.</subfield>
    </datafield>
    <datafield tag="909" ind1="C" ind2="1">
      <subfield code="y">Giedt, Joel</subfield>
    </datafield>
    <datafield tag="909" ind1="C" ind2="1">
      <subfield code="c">2002-04-15</subfield>
      <subfield code="l">00</subfield>
      <subfield code="m">2002-04-15</subfield>
      <subfield code="o">BATCH</subfield>
    </datafield>
    <datafield tag="980" ind1=" " ind2=" ">
      <subfield code="a">PREPRINT</subfield>
    </datafield>
    <datafield tag="999" ind1="C" ind2="5">
      <subfield code="o">[1]</subfield>
    </datafield>
    <datafield tag="999" ind1="C" ind2="5">
      <subfield code="m">J. Giedt</subfield>
      <subfield code="p">1</subfield>
      <subfield code="t">Ann. Phys. (N.Y.)</subfield>
      <subfield code="v">297</subfield>
      <subfield code="y">2002</subfield>
      <subfield code="s">Ann. Phys. (N.Y.) 297 (2002) 1</subfield>
    </datafield>
    <datafield tag="999" ind1="C" ind2="5">
      <subfield code="r">hep-th/0108244</subfield>
    </datafield>
    <datafield tag="999" ind1="C" ind2="5">
      <subfield code="o">[2]</subfield>
    </datafield>
    <datafield tag="999" ind1="C" ind2="5">
      <subfield code="m">M. Dine, N. Seiberg and E. Witten</subfield>
      <subfield code="p">585</subfield>
      <subfield code="t">Nucl. Phys., B</subfield>
      <subfield code="v">289</subfield>
      <subfield code="y">1987</subfield>
      <subfield code="s">Nucl. Phys. B 289 (1987) 585</subfield>
    </datafield>
    <datafield tag="999" ind1="C" ind2="5">
      <subfield code="m">J. J. Atick, L. Dixon and A. Sen</subfield>
      <subfield code="p">109</subfield>
      <subfield code="t">Nucl. Phys., B</subfield>
      <subfield code="v">292</subfield>
      <subfield code="y">1987</subfield>
      <subfield code="s">Nucl. Phys. B 292 (1987) 109</subfield>
    </datafield>
    <datafield tag="999" ind1="C" ind2="5">
      <subfield code="m">M. Dine, I. Ichinose and N. Seiberg</subfield>
      <subfield code="p">253</subfield>
      <subfield code="t">Nucl. Phys., B</subfield>
      <subfield code="v">293</subfield>
      <subfield code="y">1987</subfield>
      <subfield code="s">Nucl. Phys. B 293 (1987) 253</subfield>
    </datafield>
    <datafield tag="999" ind1="C" ind2="5">
      <subfield code="o">[3]</subfield>
    </datafield>
    <datafield tag="999" ind1="C" ind2="5">
      <subfield code="m">M. B. Green and J. H. Schwarz</subfield>
      <subfield code="p">117</subfield>
      <subfield code="t">Phys. Lett., B</subfield>
      <subfield code="v">149</subfield>
      <subfield code="y">1984</subfield>
      <subfield code="s">Phys. Lett. B 149 (1984) 117</subfield>
    </datafield>
    <datafield tag="999" ind1="C" ind2="5">
      <subfield code="o">[4]</subfield>
    </datafield>
    <datafield tag="999" ind1="C" ind2="5">
      <subfield code="m">P. Bin´etruy, G. Girardi and R. Grimm</subfield>
      <subfield code="p">111</subfield>
      <subfield code="t">Phys. Lett., B</subfield>
      <subfield code="v">265</subfield>
      <subfield code="y">1991</subfield>
      <subfield code="s">Phys. Lett. B 265 (1991) 111</subfield>
    </datafield>
    <datafield tag="999" ind1="C" ind2="5">
      <subfield code="o">[5]</subfield>
    </datafield>
    <datafield tag="999" ind1="C" ind2="5">
      <subfield code="m">M. Müller</subfield>
      <subfield code="p">292</subfield>
      <subfield code="t">Nucl. Phys., B</subfield>
      <subfield code="v">264</subfield>
      <subfield code="y">1986</subfield>
      <subfield code="s">Nucl. Phys. B 264 (1986) 292</subfield>
    </datafield>
    <datafield tag="999" ind1="C" ind2="5">
      <subfield code="m">P. Bin´etruy, G. Girardi, R. Grimm and M. Müller</subfield>
      <subfield code="p">389</subfield>
      <subfield code="t">Phys. Lett., B</subfield>
      <subfield code="v">189</subfield>
      <subfield code="y">1987</subfield>
      <subfield code="s">Phys. Lett. B 189 (1987) 389</subfield>
    </datafield>
    <datafield tag="999" ind1="C" ind2="5">
      <subfield code="o">[6]</subfield>
    </datafield>
    <datafield tag="999" ind1="C" ind2="5">
      <subfield code="m">P. Bin´etruy, G. Girardi and R. Grimm</subfield>
      <subfield code="p">255</subfield>
      <subfield code="t">Phys. Rep.</subfield>
      <subfield code="v">343</subfield>
      <subfield code="y">2001</subfield>
      <subfield code="s">Phys. Rep. 343 (2001) 255</subfield>
    </datafield>
    <datafield tag="999" ind1="C" ind2="5">
      <subfield code="o">[7]</subfield>
    </datafield>
    <datafield tag="999" ind1="C" ind2="5">
      <subfield code="m">G. Girardi and R. Grimm</subfield>
      <subfield code="p">49</subfield>
      <subfield code="t">Ann. Phys. (N.Y.)</subfield>
      <subfield code="v">272</subfield>
      <subfield code="y">1999</subfield>
      <subfield code="s">Ann. Phys. (N.Y.) 272 (1999) 49</subfield>
    </datafield>
    <datafield tag="999" ind1="C" ind2="5">
      <subfield code="o">[8]</subfield>
    </datafield>
    <datafield tag="999" ind1="C" ind2="5">
      <subfield code="m">P. Bin´etruy, M. K. Gaillard and Y.-Y. Wu</subfield>
      <subfield code="p">109</subfield>
      <subfield code="t">Nucl. Phys., B</subfield>
      <subfield code="v">481</subfield>
      <subfield code="y">1996</subfield>
      <subfield code="s">Nucl. Phys. B 481 (1996) 109</subfield>
    </datafield>
    <datafield tag="999" ind1="C" ind2="5">
      <subfield code="o">[9]</subfield>
    </datafield>
    <datafield tag="999" ind1="C" ind2="5">
      <subfield code="m">P. Bin´etruy, M. K. Gaillard and Y.-Y. Wu</subfield>
      <subfield code="p">27</subfield>
      <subfield code="t">Nucl. Phys., B</subfield>
      <subfield code="v">493</subfield>
      <subfield code="y">1997</subfield>
      <subfield code="s">Nucl. Phys. B 493 (1997) 27</subfield>
    </datafield>
    <datafield tag="999" ind1="C" ind2="5">
      <subfield code="m">P. Bin´etruy, M. K. Gaillard and Y.-Y. Wu</subfield>
      <subfield code="p">288</subfield>
      <subfield code="t">Phys. Lett., B</subfield>
      <subfield code="v">412</subfield>
      <subfield code="y">1997</subfield>
      <subfield code="s">Phys. Lett. B 412 (1997) 288</subfield>
    </datafield>
    <datafield tag="999" ind1="C" ind2="5">
      <subfield code="o">[10]</subfield>
    </datafield>
    <datafield tag="999" ind1="C" ind2="5">
      <subfield code="m">M. K. Gaillard, B. Nelson and Y.-Y. Wu</subfield>
      <subfield code="p">549</subfield>
      <subfield code="t">Phys. Lett., B</subfield>
      <subfield code="v">459</subfield>
      <subfield code="y">1999</subfield>
      <subfield code="s">Phys. Lett. B 459 (1999) 549</subfield>
    </datafield>
    <datafield tag="999" ind1="C" ind2="5">
      <subfield code="o">[11]</subfield>
    </datafield>
    <datafield tag="999" ind1="C" ind2="5">
      <subfield code="m">M. K. Gaillard and B. Nelson</subfield>
      <subfield code="p">3</subfield>
      <subfield code="t">Nucl. Phys., B</subfield>
      <subfield code="v">571</subfield>
      <subfield code="y">2000</subfield>
      <subfield code="s">Nucl. Phys. B 571 (2000) 3</subfield>
    </datafield>
    <datafield tag="999" ind1="C" ind2="5">
      <subfield code="o">[12]</subfield>
    </datafield>
    <datafield tag="999" ind1="C" ind2="5">
      <subfield code="m">S. Ferrara, C. Kounnas and M. Porrati</subfield>
      <subfield code="p">263</subfield>
      <subfield code="t">Phys. Lett., B</subfield>
      <subfield code="v">181</subfield>
      <subfield code="y">1986</subfield>
      <subfield code="s">Phys. Lett. B 181 (1986) 263</subfield>
    </datafield>
    <datafield tag="999" ind1="C" ind2="5">
      <subfield code="o">[13]</subfield>
    </datafield>
    <datafield tag="999" ind1="C" ind2="5">
      <subfield code="m">M. Cveti c, J. Louis and B. A. Ovrut</subfield>
      <subfield code="p">227</subfield>
      <subfield code="t">Phys. Lett., B</subfield>
      <subfield code="v">206</subfield>
      <subfield code="y">1988</subfield>
      <subfield code="s">Phys. Lett. B 206 (1988) 227</subfield>
    </datafield>
    <datafield tag="999" ind1="C" ind2="5">
      <subfield code="m">L. E. Iba nez and D. Lüst</subfield>
      <subfield code="p">305</subfield>
      <subfield code="t">Nucl. Phys., B</subfield>
      <subfield code="v">382</subfield>
      <subfield code="y">1992</subfield>
      <subfield code="s">Nucl. Phys. B 382 (1992) 305</subfield>
    </datafield>
    <datafield tag="999" ind1="C" ind2="5">
      <subfield code="o">[14]</subfield>
    </datafield>
    <datafield tag="999" ind1="C" ind2="5">
      <subfield code="m">M. K. Gaillard</subfield>
      <subfield code="p">125</subfield>
      <subfield code="t">Phys. Lett., B</subfield>
      <subfield code="v">342</subfield>
      <subfield code="y">1995</subfield>
      <subfield code="s">Phys. Lett. B 342 (1995) 125</subfield>
    </datafield>
    <datafield tag="999" ind1="C" ind2="5">
      <subfield code="p">105027</subfield>
      <subfield code="t">Phys. Rev., D</subfield>
      <subfield code="v">58</subfield>
      <subfield code="y">1998</subfield>
      <subfield code="s">Phys. Rev. D 58 (1998) 105027</subfield>
    </datafield>
    <datafield tag="999" ind1="C" ind2="5">
      <subfield code="m">D : 61 (2000) 084028</subfield>
    </datafield>
    <datafield tag="999" ind1="C" ind2="5">
      <subfield code="o">[15]</subfield>
    </datafield>
    <datafield tag="999" ind1="C" ind2="5">
      <subfield code="m">E. Witten</subfield>
      <subfield code="p">151</subfield>
      <subfield code="t">Phys. Lett., B</subfield>
      <subfield code="v">155</subfield>
      <subfield code="y">1985</subfield>
      <subfield code="s">Phys. Lett. B 155 (1985) 151</subfield>
    </datafield>
    <datafield tag="999" ind1="C" ind2="5">
      <subfield code="o">[16]</subfield>
    </datafield>
    <datafield tag="999" ind1="C" ind2="5">
      <subfield code="m">L. J. Dixon, V. S. Kaplunovsky and J. Louis</subfield>
      <subfield code="p">27</subfield>
      <subfield code="t">Nucl. Phys., B</subfield>
      <subfield code="v">329</subfield>
      <subfield code="y">1990</subfield>
      <subfield code="s">Nucl. Phys. B 329 (1990) 27</subfield>
    </datafield>
    <datafield tag="999" ind1="C" ind2="5">
      <subfield code="o">[17]</subfield>
    </datafield>
    <datafield tag="999" ind1="C" ind2="5">
      <subfield code="m">S.J. Gates, M. Grisaru, M. Ro cek and W. Siegel, Superspace (Benjamin/Cummings, 1983)</subfield>
    </datafield>
    <datafield tag="999" ind1="C" ind2="5">
      <subfield code="o">[18]</subfield>
    </datafield>
    <datafield tag="999" ind1="C" ind2="5">
      <subfield code="m">M.K. Gaillard and T.R. Taylor</subfield>
      <subfield code="p">577</subfield>
      <subfield code="t">Nucl. Phys., B</subfield>
      <subfield code="v">381</subfield>
      <subfield code="y">1992</subfield>
      <subfield code="s">Nucl. Phys. B 381 (1992) 577</subfield>
    </datafield>
    <datafield tag="999" ind1="C" ind2="5">
      <subfield code="o">[19]</subfield>
    </datafield>
    <datafield tag="999" ind1="C" ind2="5">
      <subfield code="m">J. Wess and J. Bagger, Supersymmetry and supergravity (Princeton, 1992)</subfield>
    </datafield>
    <datafield tag="999" ind1="C" ind2="5">
      <subfield code="o">[20]</subfield>
    </datafield>
    <datafield tag="999" ind1="C" ind2="5">
      <subfield code="m">P. Bin´etruy, C. Deffayet and P. Peter</subfield>
      <subfield code="p">163</subfield>
      <subfield code="t">Phys. Lett., B</subfield>
      <subfield code="v">441</subfield>
      <subfield code="y">1998</subfield>
      <subfield code="s">Phys. Lett. B 441 (1998) 163</subfield>
    </datafield>
    <datafield tag="999" ind1="C" ind2="5">
      <subfield code="o">[21]</subfield>
    </datafield>
    <datafield tag="999" ind1="C" ind2="5">
      <subfield code="m">M. K. Gaillard and J. Giedt, in progress</subfield>
    </datafield>
  </record>