
  <record>
    <datafield tag="037" ind1=" " ind2=" ">
      <subfield code="a">hep-ph/0204142</subfield>
    </datafield>
    <datafield tag="041" ind1=" " ind2=" ">
      <subfield code="a">eng</subfield>
    </datafield>
    <datafield tag="100" ind1=" " ind2=" ">
      <subfield code="a">Chacko, Z</subfield>
      <subfield code="u">University of California, Berkeley</subfield>
    </datafield>
    <datafield tag="245" ind1=" " ind2=" ">
      <subfield code="a">Fine Structure Constant Variation from a Late Phase Transition</subfield>
    </datafield>
    <datafield tag="260" ind1=" " ind2=" ">
      <subfield code="a">Berkeley, CA</subfield>
      <subfield code="b">Lawrence Berkeley Nat. Lab.</subfield>
      <subfield code="c">12 Apr 2002</subfield>
    </datafield>
    <datafield tag="300" ind1=" " ind2=" ">
      <subfield code="a">9 p</subfield>
    </datafield>
    <datafield tag="520" ind1=" " ind2=" ">
      <subfield code="a">Recent experimental data indicates that the fine structure constant alpha may be varying on cosmological time scales. We consider the possibility that such a variation could be induced by a second order phase transition which occursat late times (z ~ 1 - 3) and involves a change in the vacuum expectation value (vev) of a scalar with milli-eV mass. Such light scalars are natural in supersymmetric theories with low SUSY breaking scale. If the vev of this scalarcontributes to masses of electrically charged fields, the low-energy value of alpha changes during the phase transition. The observational predictions of this scenario include isotope-dependent deviations from Newtonian gravity atsub-millimeter distances, and (if the phase transition is a sharp event on cosmological time scales) the presence of a well-defined step-like feature in the alpha(z) plot. The relation between the fractional changes in alpha and theQCD confinement scale is highly model dependent, and even in grand unified theories the change in alpha does not need to be accompanied by a large shift in nucleon masses.</subfield>
    </datafield>
    <datafield tag="595" ind1=" " ind2=" ">
      <subfield code="a">LANL EDS</subfield>
    </datafield>
    <datafield tag="650" ind1="1" ind2="7">
      <subfield code="2">SzGeCERN</subfield>
      <subfield code="a">Particle Physics - Phenomenology</subfield>
    </datafield>
    <datafield tag="700" ind1=" " ind2=" ">
      <subfield code="a">Grojean, C</subfield>
    </datafield>
    <datafield tag="700" ind1=" " ind2=" ">
      <subfield code="a">Perelstein, M</subfield>
    </datafield>
    <datafield tag="856" ind1="0" ind2=" ">
      <subfield code="f">Maxim Perelstein &lt;meperelstein@lbl.gov&gt;</subfield>
    </datafield>
    <datafield tag="FFT" ind1=" " ind2=" ">
      <subfield code="a">http://invenio-software.org/download/invenio-demo-site-files/0204142.pdf</subfield>
    </datafield>
    <datafield tag="FFT" ind1=" " ind2=" ">
      <subfield code="a">http://invenio-software.org/download/invenio-demo-site-files/0204142.ps.gz</subfield>
    </datafield>
    <datafield tag="909" ind1="C" ind2="5">
      <subfield code="b">CER</subfield>
    </datafield>
    <datafield tag="909" ind1="C" ind2="S">
      <subfield code="s">n</subfield>
      <subfield code="w">200231</subfield>
    </datafield>
    <datafield tag="909" ind1="C" ind2="0">
      <subfield code="y">2002</subfield>
    </datafield>
    <datafield tag="909" ind1="C" ind2="0">
      <subfield code="b">11</subfield>
    </datafield>
    <datafield tag="909" ind1="C" ind2="1">
      <subfield code="c">2002-04-15</subfield>
      <subfield code="l">00</subfield>
      <subfield code="m">2002-04-15</subfield>
      <subfield code="o">BATCH</subfield>
    </datafield>
    <datafield tag="980" ind1=" " ind2=" ">
      <subfield code="a">PREPRINT</subfield>
    </datafield>
    <datafield tag="999" ind1="C" ind2="5">
      <subfield code="o">[1]</subfield>
    </datafield>
    <datafield tag="999" ind1="C" ind2="5">
      <subfield code="m">J. K. Webb, M. T. Murphy, V. V. Flambaum, V. A. Dzuba, J. D. Barrow, C. W. Churchill, J. X. Prochaska and A. M. Wolfe</subfield>
      <subfield code="p">091301</subfield>
      <subfield code="t">Phys. Rev. Lett.</subfield>
      <subfield code="v">87</subfield>
      <subfield code="y">2001</subfield>
      <subfield code="s">Phys. Rev. Lett. 87 (2001) 091301</subfield>
    </datafield>
    <datafield tag="999" ind1="C" ind2="5">
      <subfield code="r">astro-ph/0012539</subfield>
    </datafield>
    <datafield tag="999" ind1="C" ind2="5">
      <subfield code="m">see also J. K. Webb, V. V. Flambaum, C. W. Churchill, M. J. Drinkwater and J. D. Barrow</subfield>
      <subfield code="p">884</subfield>
      <subfield code="t">Phys. Rev. Lett.</subfield>
      <subfield code="v">82</subfield>
      <subfield code="y">1999</subfield>
      <subfield code="s">Phys. Rev. Lett. 82 (1999) 884</subfield>
    </datafield>
    <datafield tag="999" ind1="C" ind2="5">
      <subfield code="r">astro-ph/9803165</subfield>
    </datafield>
    <datafield tag="999" ind1="C" ind2="5">
      <subfield code="m">V. A. Dzuba, V. V. Flambaum, and J. K. Webb</subfield>
      <subfield code="p">888</subfield>
      <subfield code="t">Phys. Rev. Lett.</subfield>
      <subfield code="v">82</subfield>
      <subfield code="y">1999</subfield>
      <subfield code="s">Phys. Rev. Lett. 82 (1999) 888</subfield>
    </datafield>
    <datafield tag="999" ind1="C" ind2="5">
      <subfield code="o">[2]</subfield>
    </datafield>
    <datafield tag="999" ind1="C" ind2="5">
      <subfield code="m">P. A. Dirac</subfield>
      <subfield code="p">323</subfield>
      <subfield code="t">Nature</subfield>
      <subfield code="v">139</subfield>
      <subfield code="y">1937</subfield>
      <subfield code="s">Nature 139 (1937) 323</subfield>
    </datafield>
    <datafield tag="999" ind1="C" ind2="5">
      <subfield code="m">for an historial perspective, see F. Dyson, "The fundamental constants and their time variation", in Aspects of Quantum Theory, eds A. Salam and E. Wigner</subfield>
    </datafield>
    <datafield tag="999" ind1="C" ind2="5">
      <subfield code="o">[3]</subfield>
    </datafield>
    <datafield tag="999" ind1="C" ind2="5">
      <subfield code="m">T. Damour</subfield>
      <subfield code="r">gr-qc/0109063</subfield>
    </datafield>
    <datafield tag="999" ind1="C" ind2="5">
      <subfield code="o">[4]</subfield>
    </datafield>
    <datafield tag="999" ind1="C" ind2="5">
      <subfield code="m">J. D. Bekenstein</subfield>
      <subfield code="p">1527</subfield>
      <subfield code="t">Phys. Rev., D</subfield>
      <subfield code="v">25</subfield>
      <subfield code="y">1982</subfield>
      <subfield code="s">Phys. Rev. D 25 (1982) 1527</subfield>
    </datafield>
    <datafield tag="999" ind1="C" ind2="5">
      <subfield code="o">[5]</subfield>
    </datafield>
    <datafield tag="999" ind1="C" ind2="5">
      <subfield code="m">G. R. Dvali and M. Zaldarriaga</subfield>
      <subfield code="p">091303</subfield>
      <subfield code="t">Phys. Rev. Lett.</subfield>
      <subfield code="v">88</subfield>
      <subfield code="y">2002</subfield>
      <subfield code="s">Phys. Rev. Lett. 88 (2002) 091303</subfield>
    </datafield>
    <datafield tag="999" ind1="C" ind2="5">
      <subfield code="r">hep-ph/0108217</subfield>
    </datafield>
    <datafield tag="999" ind1="C" ind2="5">
      <subfield code="o">[6]</subfield>
    </datafield>
    <datafield tag="999" ind1="C" ind2="5">
      <subfield code="m">K. A. Olive and M. Pospelov</subfield>
      <subfield code="p">085044</subfield>
      <subfield code="t">Phys. Rev., D</subfield>
      <subfield code="v">65</subfield>
      <subfield code="y">2002</subfield>
      <subfield code="s">Phys. Rev. D 65 (2002) 085044</subfield>
    </datafield>
    <datafield tag="999" ind1="C" ind2="5">
      <subfield code="r">hep-ph/0110377</subfield>
    </datafield>
    <datafield tag="999" ind1="C" ind2="5">
      <subfield code="o">[7]</subfield>
    </datafield>
    <datafield tag="999" ind1="C" ind2="5">
      <subfield code="m">T. Banks, M. Dine and M. R. Douglas</subfield>
      <subfield code="p">131301</subfield>
      <subfield code="t">Phys. Rev. Lett.</subfield>
      <subfield code="v">88</subfield>
      <subfield code="y">2002</subfield>
      <subfield code="s">Phys. Rev. Lett. 88 (2002) 131301</subfield>
    </datafield>
    <datafield tag="999" ind1="C" ind2="5">
      <subfield code="r">hep-ph/0112059</subfield>
    </datafield>
    <datafield tag="999" ind1="C" ind2="5">
      <subfield code="o">[8]</subfield>
    </datafield>
    <datafield tag="999" ind1="C" ind2="5">
      <subfield code="m">P. Langacker, G. Segr e and M. J. Strassler</subfield>
      <subfield code="p">121</subfield>
      <subfield code="t">Phys. Lett., B</subfield>
      <subfield code="v">528</subfield>
      <subfield code="y">2002</subfield>
      <subfield code="s">Phys. Lett. B 528 (2002) 121</subfield>
    </datafield>
    <datafield tag="999" ind1="C" ind2="5">
      <subfield code="r">hep-ph/0112233</subfield>
    </datafield>
    <datafield tag="999" ind1="C" ind2="5">
      <subfield code="o">[9]</subfield>
    </datafield>
    <datafield tag="999" ind1="C" ind2="5">
      <subfield code="m">A. Y. Potekhin, A. V. Ivanchik, D. A. Varshalovich, K. M. Lanzetta, J. A. Bald-win, G. M. Williger and R. F. Carswell</subfield>
      <subfield code="p">523</subfield>
      <subfield code="t">Astrophys. J.</subfield>
      <subfield code="v">505</subfield>
      <subfield code="y">1998</subfield>
      <subfield code="s">Astrophys. J. 505 (1998) 523</subfield>
    </datafield>
    <datafield tag="999" ind1="C" ind2="5">
      <subfield code="r">astro-ph/9804116</subfield>
    </datafield>
    <datafield tag="999" ind1="C" ind2="5">
      <subfield code="o">[10]</subfield>
    </datafield>
    <datafield tag="999" ind1="C" ind2="5">
      <subfield code="m">S. Weinberg</subfield>
      <subfield code="p">3357</subfield>
      <subfield code="t">Phys. Rev., D</subfield>
      <subfield code="v">9</subfield>
      <subfield code="y">1974</subfield>
      <subfield code="s">Phys. Rev. D 9 (1974) 3357</subfield>
    </datafield>
    <datafield tag="999" ind1="C" ind2="5">
      <subfield code="m">L. Dolan and R. Jackiw</subfield>
      <subfield code="p">3320</subfield>
      <subfield code="t">Phys. Rev., D</subfield>
      <subfield code="v">9</subfield>
      <subfield code="y">1974</subfield>
      <subfield code="s">Phys. Rev. D 9 (1974) 3320</subfield>
    </datafield>
    <datafield tag="999" ind1="C" ind2="5">
      <subfield code="o">[11]</subfield>
    </datafield>
    <datafield tag="999" ind1="C" ind2="5">
      <subfield code="m">N. Arkani-Hamed, L. J. Hall, C. Kolda and H. Murayama</subfield>
      <subfield code="p">4434</subfield>
      <subfield code="t">Phys. Rev. Lett.</subfield>
      <subfield code="v">85</subfield>
      <subfield code="y">2000</subfield>
      <subfield code="s">Phys. Rev. Lett. 85 (2000) 4434</subfield>
    </datafield>
    <datafield tag="999" ind1="C" ind2="5">
      <subfield code="r">astro-ph/0005111</subfield>
    </datafield>
    <datafield tag="999" ind1="C" ind2="5">
      <subfield code="o">[12]</subfield>
    </datafield>
    <datafield tag="999" ind1="C" ind2="5">
      <subfield code="m">M. Dine, W. Fischler and M. Srednicki</subfield>
      <subfield code="p">575</subfield>
      <subfield code="t">Nucl. Phys., B</subfield>
      <subfield code="v">189</subfield>
      <subfield code="y">1981</subfield>
      <subfield code="s">Nucl. Phys. B 189 (1981) 575</subfield>
    </datafield>
    <datafield tag="999" ind1="C" ind2="5">
      <subfield code="m">S. Dimopou-los and S. Raby</subfield>
      <subfield code="p">353</subfield>
      <subfield code="t">Nucl. Phys., B</subfield>
      <subfield code="v">192</subfield>
      <subfield code="y">1981</subfield>
      <subfield code="s">Nucl. Phys. B 192 (1981) 353</subfield>
    </datafield>
    <datafield tag="999" ind1="C" ind2="5">
      <subfield code="m">L. Alvarez-Gaum´e, M. Claudson and M. B. Wise</subfield>
      <subfield code="p">96</subfield>
      <subfield code="t">Nucl. Phys., B</subfield>
      <subfield code="v">207</subfield>
      <subfield code="y">1982</subfield>
      <subfield code="s">Nucl. Phys. B 207 (1982) 96</subfield>
    </datafield>
    <datafield tag="999" ind1="C" ind2="5">
      <subfield code="m">M. Dine and A. E. Nelson</subfield>
      <subfield code="p">1277</subfield>
      <subfield code="t">Phys. Rev., D</subfield>
      <subfield code="v">48</subfield>
      <subfield code="y">1993</subfield>
      <subfield code="s">Phys. Rev. D 48 (1993) 1277</subfield>
    </datafield>
    <datafield tag="999" ind1="C" ind2="5">
      <subfield code="r">hep-ph/9303230</subfield>
    </datafield>
    <datafield tag="999" ind1="C" ind2="5">
      <subfield code="m">M. Dine, A. E. Nelson and Y. Shirman</subfield>
      <subfield code="p">1362</subfield>
      <subfield code="t">Phys. Rev., D</subfield>
      <subfield code="v">51</subfield>
      <subfield code="y">1995</subfield>
      <subfield code="s">Phys. Rev. D 51 (1995) 1362</subfield>
    </datafield>
    <datafield tag="999" ind1="C" ind2="5">
      <subfield code="r">hep-ph/9408384</subfield>
    </datafield>
    <datafield tag="999" ind1="C" ind2="5">
      <subfield code="m">M. Dine, A. E. Nelson, Y. Nir and Y. Shirman</subfield>
      <subfield code="p">2658</subfield>
      <subfield code="t">Phys. Rev., D</subfield>
      <subfield code="v">53</subfield>
      <subfield code="y">1996</subfield>
      <subfield code="s">Phys. Rev. D 53 (1996) 2658</subfield>
    </datafield>
    <datafield tag="999" ind1="C" ind2="5">
      <subfield code="r">hep-ph/9507378</subfield>
    </datafield>
    <datafield tag="999" ind1="C" ind2="5">
      <subfield code="o">[13]</subfield>
    </datafield>
    <datafield tag="999" ind1="C" ind2="5">
      <subfield code="m">N. Arkani-Hamed, S. Dimopoulos, N. Kaloper and R. Sundrum</subfield>
      <subfield code="p">193</subfield>
      <subfield code="t">Phys. Lett., B</subfield>
      <subfield code="v">480</subfield>
      <subfield code="y">2000</subfield>
      <subfield code="s">Phys. Lett. B 480 (2000) 193</subfield>
    </datafield>
    <datafield tag="999" ind1="C" ind2="5">
      <subfield code="r">hep-th/0001197</subfield>
    </datafield>
    <datafield tag="999" ind1="C" ind2="5">
      <subfield code="m">S. Kachru, M. Schulz and E. Silverstein</subfield>
      <subfield code="p">045021</subfield>
      <subfield code="t">Phys. Rev., D</subfield>
      <subfield code="v">62</subfield>
      <subfield code="y">2000</subfield>
      <subfield code="s">Phys. Rev. D 62 (2000) 045021</subfield>
    </datafield>
    <datafield tag="999" ind1="C" ind2="5">
      <subfield code="r">hep-th/0001206</subfield>
    </datafield>
    <datafield tag="999" ind1="C" ind2="5">
      <subfield code="m">C. Cs´aki, J. Erlich and C. Grojean</subfield>
      <subfield code="p">312</subfield>
      <subfield code="t">Nucl. Phys., B</subfield>
      <subfield code="v">604</subfield>
      <subfield code="y">2001</subfield>
      <subfield code="s">Nucl. Phys. B 604 (2001) 312</subfield>
    </datafield>
    <datafield tag="999" ind1="C" ind2="5">
      <subfield code="r">hep-th/0012143</subfield>
    </datafield>
    <datafield tag="999" ind1="C" ind2="5">
      <subfield code="o">[14]</subfield>
    </datafield>
    <datafield tag="999" ind1="C" ind2="5">
      <subfield code="m">X. Calmet and H. Fritzsch</subfield>
      <subfield code="r">hep-ph/0112110</subfield>
    </datafield>
    <datafield tag="999" ind1="C" ind2="5">
      <subfield code="m">H. Fritzsch</subfield>
      <subfield code="r">hep-ph/0201198</subfield>
    </datafield>
    <datafield tag="999" ind1="C" ind2="5">
      <subfield code="o">[15]</subfield>
    </datafield>
    <datafield tag="999" ind1="C" ind2="5">
      <subfield code="m">G. R. Dvali and S. Pokorski</subfield>
      <subfield code="p">126</subfield>
      <subfield code="t">Phys. Lett., B</subfield>
      <subfield code="v">379</subfield>
      <subfield code="y">1996</subfield>
      <subfield code="s">Phys. Lett. B 379 (1996) 126</subfield>
    </datafield>
    <datafield tag="999" ind1="C" ind2="5">
      <subfield code="r">hep-ph/9601358</subfield>
    </datafield>
    <datafield tag="999" ind1="C" ind2="5">
      <subfield code="o">[16]</subfield>
    </datafield>
    <datafield tag="999" ind1="C" ind2="5">
      <subfield code="m">Z. Chacko and R. N. Mohapatra</subfield>
      <subfield code="p">2836</subfield>
      <subfield code="t">Phys. Rev. Lett.</subfield>
      <subfield code="v">82</subfield>
      <subfield code="y">1999</subfield>
      <subfield code="s">Phys. Rev. Lett. 82 (1999) 2836</subfield>
    </datafield>
    <datafield tag="999" ind1="C" ind2="5">
      <subfield code="r">hep-ph/9810315</subfield>
    </datafield>
    <datafield tag="999" ind1="C" ind2="5">
      <subfield code="o">[17]</subfield>
    </datafield>
    <datafield tag="999" ind1="C" ind2="5">
      <subfield code="m">J. P. Turneaure, C. M. Will, B. F. Farrell, E. M. Mattison and R. F. C. Vessot</subfield>
      <subfield code="p">1705</subfield>
      <subfield code="t">Phys. Rev., D</subfield>
      <subfield code="v">27</subfield>
      <subfield code="y">1983</subfield>
      <subfield code="s">Phys. Rev. D 27 (1983) 1705</subfield>
    </datafield>
    <datafield tag="999" ind1="C" ind2="5">
      <subfield code="m">J. D. Prestage, R. L. Tjoelker and L. Maleki</subfield>
      <subfield code="p">3511</subfield>
      <subfield code="t">Phys. Rev. Lett.</subfield>
      <subfield code="v">74</subfield>
      <subfield code="y">1995</subfield>
      <subfield code="s">Phys. Rev. Lett. 74 (1995) 3511</subfield>
    </datafield>
    <datafield tag="999" ind1="C" ind2="5">
      <subfield code="o">[18]</subfield>
    </datafield>
    <datafield tag="999" ind1="C" ind2="5">
      <subfield code="m">A. I. Shlyakhter</subfield>
      <subfield code="p">340</subfield>
      <subfield code="t">Nature</subfield>
      <subfield code="v">264</subfield>
      <subfield code="y">1976</subfield>
      <subfield code="s">Nature 264 (1976) 340</subfield>
    </datafield>
    <datafield tag="999" ind1="C" ind2="5">
      <subfield code="m">T. Damour and F. Dyson</subfield>
      <subfield code="p">37</subfield>
      <subfield code="t">Nucl. Phys., B</subfield>
      <subfield code="v">480</subfield>
      <subfield code="y">1996</subfield>
      <subfield code="s">Nucl. Phys. B 480 (1996) 37</subfield>
    </datafield>
    <datafield tag="999" ind1="C" ind2="5">
      <subfield code="r">hep-ph/9606486</subfield>
    </datafield>
    <datafield tag="999" ind1="C" ind2="5">
      <subfield code="m">Y. Fujii, A. Iwamoto, T. Fukahori, T. Ohnuki, M. Nakagawa, H. Hidaka, Y. Oura, P. Möller</subfield>
      <subfield code="p">377</subfield>
      <subfield code="t">Nucl. Phys., B</subfield>
      <subfield code="v">573</subfield>
      <subfield code="y">2000</subfield>
      <subfield code="s">Nucl. Phys. B 573 (2000) 377</subfield>
    </datafield>
    <datafield tag="999" ind1="C" ind2="5">
      <subfield code="r">hep-ph/9809549</subfield>
    </datafield>
    <datafield tag="999" ind1="C" ind2="5">
      <subfield code="o">[19]</subfield>
    </datafield>
    <datafield tag="999" ind1="C" ind2="5">
      <subfield code="m">E. W. Kolb, M. J. Perry and T. P. Walker</subfield>
      <subfield code="p">869</subfield>
      <subfield code="t">Phys. Rev., D</subfield>
      <subfield code="v">33</subfield>
      <subfield code="y">1986</subfield>
      <subfield code="s">Phys. Rev. D 33 (1986) 869</subfield>
    </datafield>
    <datafield tag="999" ind1="C" ind2="5">
      <subfield code="m">B. A. Camp-bell and K. A. Olive</subfield>
      <subfield code="p">429</subfield>
      <subfield code="t">Phys. Lett., B</subfield>
      <subfield code="v">345</subfield>
      <subfield code="y">1995</subfield>
      <subfield code="s">Phys. Lett. B 345 (1995) 429</subfield>
    </datafield>
    <datafield tag="999" ind1="C" ind2="5">
      <subfield code="r">hep-ph/9411272</subfield>
    </datafield>
    <datafield tag="999" ind1="C" ind2="5">
      <subfield code="m">L. Bergström, S. Iguri and H. Rubinstein</subfield>
      <subfield code="p">045005</subfield>
      <subfield code="t">Phys. Rev., D</subfield>
      <subfield code="v">60</subfield>
      <subfield code="y">1999</subfield>
      <subfield code="s">Phys. Rev. D 60 (1999) 045005</subfield>
    </datafield>
    <datafield tag="999" ind1="C" ind2="5">
      <subfield code="r">astro-ph/9902157</subfield>
    </datafield>
    <datafield tag="999" ind1="C" ind2="5">
      <subfield code="m">P. P. Avelino et al</subfield>
      <subfield code="p">103505</subfield>
      <subfield code="t">Phys. Rev., D</subfield>
      <subfield code="v">64</subfield>
      <subfield code="y">2001</subfield>
      <subfield code="s">Phys. Rev. D 64 (2001) 103505</subfield>
    </datafield>
    <datafield tag="999" ind1="C" ind2="5">
      <subfield code="r">astro-ph/0102144</subfield>
    </datafield>
    <datafield tag="999" ind1="C" ind2="5">
      <subfield code="o">[20]</subfield>
    </datafield>
    <datafield tag="999" ind1="C" ind2="5">
      <subfield code="m">S. Hannestad</subfield>
      <subfield code="p">023515</subfield>
      <subfield code="t">Phys. Rev., D</subfield>
      <subfield code="v">60</subfield>
      <subfield code="y">1999</subfield>
      <subfield code="s">Phys. Rev. D 60 (1999) 023515</subfield>
    </datafield>
    <datafield tag="999" ind1="C" ind2="5">
      <subfield code="r">astro-ph/9810102</subfield>
    </datafield>
    <datafield tag="999" ind1="C" ind2="5">
      <subfield code="m">M. Kaplinghat, R. J. Scherrer and M. S. Turner</subfield>
      <subfield code="p">023516</subfield>
      <subfield code="t">Phys. Rev., D</subfield>
      <subfield code="v">60</subfield>
      <subfield code="y">1999</subfield>
      <subfield code="s">Phys. Rev. D 60 (1999) 023516</subfield>
    </datafield>
    <datafield tag="999" ind1="C" ind2="5">
      <subfield code="r">astro-ph/9810133</subfield>
    </datafield>
    <datafield tag="999" ind1="C" ind2="5">
      <subfield code="m">P. P. Avelino, C. J. Martins, G. Rocha and P. Viana</subfield>
      <subfield code="p">123508</subfield>
      <subfield code="t">Phys. Rev., D</subfield>
      <subfield code="v">62</subfield>
      <subfield code="y">2000</subfield>
      <subfield code="s">Phys. Rev. D 62 (2000) 123508</subfield>
    </datafield>
    <datafield tag="999" ind1="C" ind2="5">
      <subfield code="r">astro-ph/0008446</subfield>
    </datafield>
    <datafield tag="999" ind1="C" ind2="5">
      <subfield code="o">[21]</subfield>
    </datafield>
    <datafield tag="999" ind1="C" ind2="5">
      <subfield code="m">C. D. Hoyle, U. Schmidt, B. R. Heckel, E. G. Adelberger, J. H. Gundlach, D. J. Kap-ner and H. E. Swanson</subfield>
      <subfield code="p">1418</subfield>
      <subfield code="t">Phys. Rev. Lett.</subfield>
      <subfield code="v">86</subfield>
      <subfield code="y">2001</subfield>
      <subfield code="s">Phys. Rev. Lett. 86 (2001) 1418</subfield>
    </datafield>
    <datafield tag="999" ind1="C" ind2="5">
      <subfield code="r">hep-ph/0011014</subfield>
    </datafield>
    <datafield tag="999" ind1="C" ind2="5">
      <subfield code="m">E. G. Adelberger [EOT-WASH Group Collaboration]</subfield>
      <subfield code="r">hep-ex/0202008</subfield>
    </datafield>
    <datafield tag="999" ind1="C" ind2="5">
      <subfield code="o">[22]</subfield>
    </datafield>
    <datafield tag="999" ind1="C" ind2="5">
      <subfield code="m">S. Coleman, Aspects of symmetry. (Cambridge Univ. Press, 1985.)</subfield>
    </datafield>
  </record>