
  <record>
    <datafield tag="037" ind1=" " ind2=" ">
      <subfield code="a">hep-ph/0204143</subfield>
    </datafield>
    <datafield tag="041" ind1=" " ind2=" ">
      <subfield code="a">eng</subfield>
    </datafield>
    <datafield tag="100" ind1=" " ind2=" ">
      <subfield code="a">Domin, P</subfield>
      <subfield code="u">Comenius University</subfield>
    </datafield>
    <datafield tag="245" ind1=" " ind2=" ">
      <subfield code="a">Phenomenological Study of Solar-Neutrino Induced Double Beta Decay of Mo100</subfield>
    </datafield>
    <datafield tag="260" ind1=" " ind2=" ">
      <subfield code="c">12 Apr 2002</subfield>
    </datafield>
    <datafield tag="300" ind1=" " ind2=" ">
      <subfield code="a">8 p</subfield>
    </datafield>
    <datafield tag="520" ind1=" " ind2=" ">
      <subfield code="a">The detection of solar-neutrinos of different origin via induced beta beta process of Mo100 is investigated. The particular counting rates and energy distributions of emitted electrons are presented. A discussion in respect tosolar-neutrino detector consisting of 10 tones of Mo100 is included. Both the cases of the standard solar model and neutrino oscillation scenarios are analyzed. Moreover, new beta^- beta^+ and beta^-/EC channels of the double-betaprocess are introduced and possibilities of their experimental observation are addressed.</subfield>
    </datafield>
    <datafield tag="595" ind1=" " ind2=" ">
      <subfield code="a">LANL EDS</subfield>
    </datafield>
    <datafield tag="650" ind1="1" ind2="7">
      <subfield code="2">SzGeCERN</subfield>
      <subfield code="a">Particle Physics - Phenomenology</subfield>
    </datafield>
    <datafield tag="700" ind1=" " ind2=" ">
      <subfield code="a">Simkovic, F</subfield>
    </datafield>
    <datafield tag="700" ind1=" " ind2=" ">
      <subfield code="a">Semenov, S V</subfield>
    </datafield>
    <datafield tag="700" ind1=" " ind2=" ">
      <subfield code="a">Gaponov, Y V</subfield>
    </datafield>
    <datafield tag="856" ind1="0" ind2=" ">
      <subfield code="f">Pavol Domin &lt;domin@chavena.dnp.fmph.uniba.sk&gt;</subfield>
    </datafield>
    <datafield tag="FFT" ind1=" " ind2=" ">
      <subfield code="a">http://invenio-software.org/download/invenio-demo-site-files/0204143.pdf</subfield>
    </datafield>
    <datafield tag="FFT" ind1=" " ind2=" ">
      <subfield code="a">http://invenio-software.org/download/invenio-demo-site-files/0204143.ps.gz</subfield>
    </datafield>
    <datafield tag="909" ind1="C" ind2="5">
      <subfield code="b">CER</subfield>
    </datafield>
    <datafield tag="909" ind1="C" ind2="S">
      <subfield code="s">n</subfield>
      <subfield code="w">200231</subfield>
    </datafield>
    <datafield tag="909" ind1="C" ind2="0">
      <subfield code="y">2002</subfield>
    </datafield>
    <datafield tag="909" ind1="C" ind2="0">
      <subfield code="b">11</subfield>
    </datafield>
    <datafield tag="909" ind1="C" ind2="1">
      <subfield code="y">Gaponov, Yu. V.</subfield>
    </datafield>
    <datafield tag="909" ind1="C" ind2="1">
      <subfield code="c">2002-04-15</subfield>
      <subfield code="l">00</subfield>
      <subfield code="m">2002-04-15</subfield>
      <subfield code="o">BATCH</subfield>
    </datafield>
    <datafield tag="909" ind1="C" ind2="K">
      <subfield code="b">8 PAGES LATEX 2 POSTSCRIPT FIGURES TALK PRESENTED BY P DOMIN ON THE WORKSHOP MEDEX'01 (PRAGUE JUNE 2001) TO APPEAR IN CZECH J PHYS 52 (2002)</subfield>
    </datafield>
    <datafield tag="980" ind1=" " ind2=" ">
      <subfield code="a">PREPRINT</subfield>
    </datafield>
    <datafield tag="999" ind1="C" ind2="5">
      <subfield code="o">[1]</subfield>
    </datafield>
    <datafield tag="999" ind1="C" ind2="5">
      <subfield code="m">S. M. Bilenky, C. Giunti and W. Grimus</subfield>
      <subfield code="p">1</subfield>
      <subfield code="t">Prog. Part. Nucl. Phys.</subfield>
      <subfield code="v">45</subfield>
      <subfield code="y">1999</subfield>
      <subfield code="s">Prog. Part. Nucl. Phys. 45 (1999) 1</subfield>
    </datafield>
    <datafield tag="999" ind1="C" ind2="5">
      <subfield code="o">[2]</subfield>
    </datafield>
    <datafield tag="999" ind1="C" ind2="5">
      <subfield code="m">J. N. Bahcall, S. Basu and M. H. Pinsonneault</subfield>
      <subfield code="p">1</subfield>
      <subfield code="t">Phys. Lett., B</subfield>
      <subfield code="v">433</subfield>
      <subfield code="y">1998</subfield>
      <subfield code="s">Phys. Lett. B 433 (1998) 1</subfield>
    </datafield>
    <datafield tag="999" ind1="C" ind2="5">
      <subfield code="o">[3]</subfield>
    </datafield>
    <datafield tag="999" ind1="C" ind2="5">
      <subfield code="m">R. Davis Jr</subfield>
      <subfield code="p">13</subfield>
      <subfield code="t">Prog. Part. Nucl. Phys.</subfield>
      <subfield code="v">32</subfield>
      <subfield code="y">1994</subfield>
      <subfield code="s">Prog. Part. Nucl. Phys. 32 (1994) 13</subfield>
    </datafield>
    <datafield tag="999" ind1="C" ind2="5">
      <subfield code="o">[4]</subfield>
    </datafield>
    <datafield tag="999" ind1="C" ind2="5">
      <subfield code="m">Kamiokande Collaboration, Y Fukuda et al</subfield>
      <subfield code="p">1683</subfield>
      <subfield code="t">Phys. Rev. Lett.</subfield>
      <subfield code="v">77</subfield>
      <subfield code="y">1996</subfield>
      <subfield code="s">Phys. Rev. Lett. 77 (1996) 1683</subfield>
    </datafield>
    <datafield tag="999" ind1="C" ind2="5">
      <subfield code="o">[5]</subfield>
    </datafield>
    <datafield tag="999" ind1="C" ind2="5">
      <subfield code="m">SAGE collaboration, A. I. Abazov et al</subfield>
      <subfield code="p">3332</subfield>
      <subfield code="t">Phys. Rev. Lett.</subfield>
      <subfield code="v">67</subfield>
      <subfield code="y">1991</subfield>
      <subfield code="s">Phys. Rev. Lett. 67 (1991) 3332</subfield>
    </datafield>
    <datafield tag="999" ind1="C" ind2="5">
      <subfield code="m">D. N. Abdurashitov et al</subfield>
      <subfield code="p">4708</subfield>
      <subfield code="t">Phys. Rev. Lett.</subfield>
      <subfield code="v">77</subfield>
      <subfield code="y">1996</subfield>
      <subfield code="s">Phys. Rev. Lett. 77 (1996) 4708</subfield>
    </datafield>
    <datafield tag="999" ind1="C" ind2="5">
      <subfield code="o">[6]</subfield>
    </datafield>
    <datafield tag="999" ind1="C" ind2="5">
      <subfield code="m">GALLEX collaboration, P. Anselmann et al</subfield>
      <subfield code="p">376</subfield>
      <subfield code="t">Phys. Lett., B</subfield>
      <subfield code="v">285</subfield>
      <subfield code="y">1992</subfield>
      <subfield code="s">Phys. Lett. B 285 (1992) 376</subfield>
    </datafield>
    <datafield tag="999" ind1="C" ind2="5">
      <subfield code="m">W. Hampel et al</subfield>
      <subfield code="p">384</subfield>
      <subfield code="t">Phys. Lett., B</subfield>
      <subfield code="v">388</subfield>
      <subfield code="y">1996</subfield>
      <subfield code="s">Phys. Lett. B 388 (1996) 384</subfield>
    </datafield>
    <datafield tag="999" ind1="C" ind2="5">
      <subfield code="o">[7]</subfield>
    </datafield>
    <datafield tag="999" ind1="C" ind2="5">
      <subfield code="m">Super-Kamiokande Coll., S. Fukuda et al</subfield>
      <subfield code="p">5651</subfield>
      <subfield code="t">Phys. Rev. Lett.</subfield>
      <subfield code="v">86</subfield>
      <subfield code="y">2001</subfield>
      <subfield code="s">Phys. Rev. Lett. 86 (2001) 5651</subfield>
    </datafield>
    <datafield tag="999" ind1="C" ind2="5">
      <subfield code="o">[8]</subfield>
    </datafield>
    <datafield tag="999" ind1="C" ind2="5">
      <subfield code="m">SNO Collaboration, Q.R. Ahmad et. al</subfield>
      <subfield code="p">071301</subfield>
      <subfield code="t">Phys. Rev. Lett.</subfield>
      <subfield code="v">87</subfield>
      <subfield code="y">2001</subfield>
      <subfield code="s">Phys. Rev. Lett. 87 (2001) 071301</subfield>
    </datafield>
    <datafield tag="999" ind1="C" ind2="5">
      <subfield code="o">[9]</subfield>
    </datafield>
    <datafield tag="999" ind1="C" ind2="5">
      <subfield code="m">H. Ejiri et al., Phys. Rev. Lett.85 2917 (2000); H. Ejiri</subfield>
      <subfield code="p">265</subfield>
      <subfield code="t">Phys. Rep.</subfield>
      <subfield code="v">338</subfield>
      <subfield code="y">2000</subfield>
      <subfield code="s">Phys. Rep. 338 (2000) 265</subfield>
    </datafield>
    <datafield tag="999" ind1="C" ind2="5">
      <subfield code="o">[10]</subfield>
    </datafield>
    <datafield tag="999" ind1="C" ind2="5">
      <subfield code="m">S. V. Semenov, Yu. V. Gaponov and R. U. Khafizov</subfield>
      <subfield code="p">1379</subfield>
      <subfield code="t">Yad. Fiz.</subfield>
      <subfield code="v">61</subfield>
      <subfield code="y">1998</subfield>
      <subfield code="s">Yad. Fiz. 61 (1998) 1379</subfield>
    </datafield>
    <datafield tag="999" ind1="C" ind2="5">
      <subfield code="o">[11]</subfield>
    </datafield>
    <datafield tag="999" ind1="C" ind2="5">
      <subfield code="m">L. V. Inzhechik, Yu. V. Gaponov and S. V. Semenov</subfield>
      <subfield code="p">1384</subfield>
      <subfield code="t">Yad. Fiz.</subfield>
      <subfield code="v">61</subfield>
      <subfield code="y">1998</subfield>
      <subfield code="s">Yad. Fiz. 61 (1998) 1384</subfield>
    </datafield>
    <datafield tag="999" ind1="C" ind2="5">
      <subfield code="o">[12]</subfield>
    </datafield>
    <datafield tag="999" ind1="C" ind2="5">
      <subfield code="u">http://www.sns.ias.edu/~jnb.</subfield>
      <subfield code="z">http://www.sns.ias.edu/~jnb</subfield>
    </datafield>
    <datafield tag="999" ind1="C" ind2="5">
      <subfield code="o">[13]</subfield>
    </datafield>
    <datafield tag="999" ind1="C" ind2="5">
      <subfield code="m">B. Singh et al</subfield>
      <subfield code="p">478</subfield>
      <subfield code="t">Nucl. Data Sheets</subfield>
      <subfield code="v">84</subfield>
      <subfield code="y">1998</subfield>
      <subfield code="s">Nucl. Data Sheets 84 (1998) 478</subfield>
    </datafield>
    <datafield tag="999" ind1="C" ind2="5">
      <subfield code="o">[14]</subfield>
    </datafield>
    <datafield tag="999" ind1="C" ind2="5">
      <subfield code="m">H. Akimune et al</subfield>
      <subfield code="p">23</subfield>
      <subfield code="t">Phys. Lett., B</subfield>
      <subfield code="v">394</subfield>
      <subfield code="y">1997</subfield>
      <subfield code="s">Phys. Lett. B 394 (1997) 23</subfield>
    </datafield>
    <datafield tag="999" ind1="C" ind2="5">
      <subfield code="o">[15]</subfield>
    </datafield>
    <datafield tag="999" ind1="C" ind2="5">
      <subfield code="m">J. N. Bahcall, P. I. Krastev, and A. Yu. Smirnov</subfield>
      <subfield code="p">096016</subfield>
      <subfield code="t">Phys. Rev., D</subfield>
      <subfield code="v">58</subfield>
      <subfield code="y">1998</subfield>
      <subfield code="s">Phys. Rev. D 58 (1998) 096016</subfield>
    </datafield>
  </record>