
  <record>
    <datafield tag="037" ind1=" " ind2=" ">
      <subfield code="a">hep-th/0204102</subfield>
    </datafield>
    <datafield tag="041" ind1=" " ind2=" ">
      <subfield code="a">eng</subfield>
    </datafield>
    <datafield tag="100" ind1=" " ind2=" ">
      <subfield code="a">Bo-Yu, H</subfield>
      <subfield code="u">Northwest University, China</subfield>
    </datafield>
    <datafield tag="245" ind1=" " ind2=" ">
      <subfield code="a">Soliton on Noncommutative Orbifold $ T^2/Z_k $</subfield>
    </datafield>
    <datafield tag="260" ind1=" " ind2=" ">
      <subfield code="c">12 Apr 2002</subfield>
    </datafield>
    <datafield tag="300" ind1=" " ind2=" ">
      <subfield code="a">13 p</subfield>
    </datafield>
    <datafield tag="520" ind1=" " ind2=" ">
      <subfield code="a">Following the construction of the projection operators on $ T^2 $ presented by Gopakumar, Headrick and Spradin, we construct the projection operators on the integral noncommutative orbifold $ T^2/G (G=Z_k,k=2, 3, 4, 6)$. Suchoperators are expressed by a function on this orbifold. So it provides a complete set of projection operators upon the moduli space $T^2 \times K/Z_k$. All these operators has the same trace 1/A ($A$ is an integer). Since theprojection operators correspond to solitons in noncommutative string field theory, we obtained the explicit expression of all the soliton solutions on $ T^2/Z_k $.</subfield>
    </datafield>
    <datafield tag="595" ind1=" " ind2=" ">
      <subfield code="a">LANL EDS</subfield>
    </datafield>
    <datafield tag="650" ind1="1" ind2="7">
      <subfield code="2">SzGeCERN</subfield>
      <subfield code="a">Particle Physics - Theory</subfield>
    </datafield>
    <datafield tag="700" ind1=" " ind2=" ">
      <subfield code="a">Kangjie, S</subfield>
    </datafield>
    <datafield tag="700" ind1=" " ind2=" ">
      <subfield code="a">Zhan-ying, Y</subfield>
    </datafield>
    <datafield tag="856" ind1="0" ind2=" ">
      <subfield code="f">Zhanying Yang &lt;yzy@phy.nwu.edu.cn&gt;</subfield>
    </datafield>
    <datafield tag="FFT" ind1=" " ind2=" ">
      <subfield code="a">http://invenio-software.org/download/invenio-demo-site-files/0204102.pdf</subfield>
    </datafield>
    <datafield tag="FFT" ind1=" " ind2=" ">
      <subfield code="a">http://invenio-software.org/download/invenio-demo-site-files/0204102.ps.gz</subfield>
    </datafield>
    <datafield tag="909" ind1="C" ind2="5">
      <subfield code="b">CER</subfield>
    </datafield>
    <datafield tag="909" ind1="C" ind2="S">
      <subfield code="s">n</subfield>
      <subfield code="w">200231</subfield>
    </datafield>
    <datafield tag="909" ind1="C" ind2="0">
      <subfield code="y">2002</subfield>
    </datafield>
    <datafield tag="909" ind1="C" ind2="0">
      <subfield code="b">11</subfield>
    </datafield>
    <datafield tag="909" ind1="C" ind2="1">
      <subfield code="y">Bo-yu, Hou</subfield>
    </datafield>
    <datafield tag="909" ind1="C" ind2="1">
      <subfield code="y">Kangjie, Shi</subfield>
    </datafield>
    <datafield tag="909" ind1="C" ind2="1">
      <subfield code="y">Zhan-ying, Yang</subfield>
    </datafield>
    <datafield tag="909" ind1="C" ind2="1">
      <subfield code="c">2002-04-15</subfield>
      <subfield code="l">00</subfield>
      <subfield code="m">2002-04-15</subfield>
      <subfield code="o">BATCH</subfield>
    </datafield>
    <datafield tag="980" ind1=" " ind2=" ">
      <subfield code="a">PREPRINT</subfield>
    </datafield>
    <datafield tag="999" ind1="C" ind2="5">
      <subfield code="o">[1]</subfield>
    </datafield>
    <datafield tag="999" ind1="C" ind2="5">
      <subfield code="m">A. Connes, Non-commutative Geometry, Academic Press, 1994</subfield>
    </datafield>
    <datafield tag="999" ind1="C" ind2="5">
      <subfield code="o">[2]</subfield>
    </datafield>
    <datafield tag="999" ind1="C" ind2="5">
      <subfield code="m">G. Landi," An introduction to non-commutative space and their geometry"</subfield>
      <subfield code="r">hep-th/9701078</subfield>
    </datafield>
    <datafield tag="999" ind1="C" ind2="5">
      <subfield code="m">J. Varilly, "An introduction to non-commutative Geometry"</subfield>
      <subfield code="r">physics/9709045</subfield>
    </datafield>
    <datafield tag="999" ind1="C" ind2="5">
      <subfield code="o">[3]</subfield>
    </datafield>
    <datafield tag="999" ind1="C" ind2="5">
      <subfield code="m">J. Madore, "An introduction to non-commutative Differential Geometry and its physical Applications", Cambridge University press 2nd edition, 1999</subfield>
    </datafield>
    <datafield tag="999" ind1="C" ind2="5">
      <subfield code="o">[4]</subfield>
    </datafield>
    <datafield tag="999" ind1="C" ind2="5">
      <subfield code="m">A. Connes, M. Douglas, A. Schwartz, Matrix theory compactification on Tori</subfield>
      <subfield code="p">003</subfield>
      <subfield code="t">J. High Energy Phys.</subfield>
      <subfield code="v">9802</subfield>
      <subfield code="y">1998</subfield>
      <subfield code="s">J. High Energy Phys. 9802 (1998) 003</subfield>
    </datafield>
    <datafield tag="999" ind1="C" ind2="5">
      <subfield code="r">hep-th/9711162</subfield>
    </datafield>
    <datafield tag="999" ind1="C" ind2="5">
      <subfield code="m">M. dougals, C. Hull</subfield>
      <subfield code="p">008</subfield>
      <subfield code="t">J. High Energy Phys.</subfield>
      <subfield code="v">9802</subfield>
      <subfield code="y">1998</subfield>
      <subfield code="s">J. High Energy Phys. 9802 (1998) 008</subfield>
    </datafield>
    <datafield tag="999" ind1="C" ind2="5">
      <subfield code="r">hep-th/9711165</subfield>
    </datafield>
    <datafield tag="999" ind1="C" ind2="5">
      <subfield code="o">[5]</subfield>
    </datafield>
    <datafield tag="999" ind1="C" ind2="5">
      <subfield code="m">Nathan. Seiberg and Edward. Witten," String theory and non-commutative geometry"</subfield>
      <subfield code="p">032</subfield>
      <subfield code="t">J. High Energy Phys.</subfield>
      <subfield code="v">9909</subfield>
      <subfield code="y">1999</subfield>
      <subfield code="s">J. High Energy Phys. 9909 (1999) 032</subfield>
    </datafield>
    <datafield tag="999" ind1="C" ind2="5">
      <subfield code="r">hep-th/9908142</subfield>
    </datafield>
    <datafield tag="999" ind1="C" ind2="5">
      <subfield code="m">V. Schomerus," D-branes and Deformation Quan-tization"</subfield>
      <subfield code="p">030</subfield>
      <subfield code="t">J. High Energy Phys.</subfield>
      <subfield code="v">9906</subfield>
      <subfield code="y">1999</subfield>
      <subfield code="s">J. High Energy Phys. 9906 (1999) 030</subfield>
    </datafield>
    <datafield tag="999" ind1="C" ind2="5">
      <subfield code="o">[6]</subfield>
    </datafield>
    <datafield tag="999" ind1="C" ind2="5">
      <subfield code="m">E. Witten, "Noncommutative Geometry and String Field Theory"</subfield>
      <subfield code="p">253</subfield>
      <subfield code="t">Nucl. Phys., B</subfield>
      <subfield code="v">268</subfield>
      <subfield code="y">1986</subfield>
      <subfield code="s">Nucl. Phys. B 268 (1986) 253</subfield>
    </datafield>
    <datafield tag="999" ind1="C" ind2="5">
      <subfield code="o">[7]</subfield>
    </datafield>
    <datafield tag="999" ind1="C" ind2="5">
      <subfield code="m">R. B. Laughlin, "The quantum Hall Effect", edited by R. Prange and S. Girvin, p233</subfield>
    </datafield>
    <datafield tag="999" ind1="C" ind2="5">
      <subfield code="o">[8]</subfield>
    </datafield>
    <datafield tag="999" ind1="C" ind2="5">
      <subfield code="m">L. Susskind</subfield>
      <subfield code="r">hep-th/0101029</subfield>
    </datafield>
    <datafield tag="999" ind1="C" ind2="5">
      <subfield code="m">J. P. Hu and S. C. Zhang</subfield>
      <subfield code="r">cond-mat/0112432</subfield>
    </datafield>
    <datafield tag="999" ind1="C" ind2="5">
      <subfield code="o">[9]</subfield>
    </datafield>
    <datafield tag="999" ind1="C" ind2="5">
      <subfield code="m">R. Gopakumar, M. Headrick, M. Spradin, "on Noncommutative Multi-solitons"</subfield>
      <subfield code="r">hep-th/0103256</subfield>
    </datafield>
    <datafield tag="999" ind1="C" ind2="5">
      <subfield code="o">[10]</subfield>
    </datafield>
    <datafield tag="999" ind1="C" ind2="5">
      <subfield code="m">E. J. Martinec and G. Moore, "Noncommutative Solitons on Orbifolds"</subfield>
      <subfield code="r">hep-th/0101199</subfield>
    </datafield>
    <datafield tag="999" ind1="C" ind2="5">
      <subfield code="o">[11]</subfield>
    </datafield>
    <datafield tag="999" ind1="C" ind2="5">
      <subfield code="m">D. J. Gross and N. A. Nekrasov, " Solitons in noncommutative Gauge Theory"</subfield>
      <subfield code="r">hep-th/0010090</subfield>
    </datafield>
    <datafield tag="999" ind1="C" ind2="5">
      <subfield code="m">M. R. Douglas and N. A. Nekrasov, "Noncommutative Field Theory"</subfield>
      <subfield code="r">hep-th/0106048</subfield>
    </datafield>
    <datafield tag="999" ind1="C" ind2="5">
      <subfield code="o">[12]</subfield>
    </datafield>
    <datafield tag="999" ind1="C" ind2="5">
      <subfield code="m">R. Gopakumar, S. Minwalla and A. Strominger, " Noncommutative Soliton"</subfield>
      <subfield code="p">048</subfield>
      <subfield code="t">J. High Energy Phys.</subfield>
      <subfield code="v">005</subfield>
      <subfield code="y">2000</subfield>
      <subfield code="s">J. High Energy Phys. 005 (2000) 048</subfield>
    </datafield>
    <datafield tag="999" ind1="C" ind2="5">
      <subfield code="r">hep-th/0003160</subfield>
    </datafield>
    <datafield tag="999" ind1="C" ind2="5">
      <subfield code="o">[13]</subfield>
    </datafield>
    <datafield tag="999" ind1="C" ind2="5">
      <subfield code="m">J. Harvey, " Komaba Lectures on Noncommutative Solitons and D-branes</subfield>
      <subfield code="r">hep-th/0102076</subfield>
    </datafield>
    <datafield tag="999" ind1="C" ind2="5">
      <subfield code="m">J. A. Harvey, P. Kraus and F.Larsen, J. High Energy Phys.0012 (200) 024</subfield>
      <subfield code="r">hep-th/0010060</subfield>
    </datafield>
    <datafield tag="999" ind1="C" ind2="5">
      <subfield code="o">[14]</subfield>
    </datafield>
    <datafield tag="999" ind1="C" ind2="5">
      <subfield code="m">A. Konechny and A. Schwarz, "Compactification of M(atrix) theory on noncommutative toroidal orbifolds"</subfield>
      <subfield code="p">667</subfield>
      <subfield code="t">Nucl. Phys., B</subfield>
      <subfield code="v">591</subfield>
      <subfield code="y">2000</subfield>
      <subfield code="s">Nucl. Phys. B 591 (2000) 667</subfield>
    </datafield>
    <datafield tag="999" ind1="C" ind2="5">
      <subfield code="r">hep-th/9912185</subfield>
    </datafield>
    <datafield tag="999" ind1="C" ind2="5">
      <subfield code="m">" Moduli spaces of max-imally supersymmetric solutions on noncommutative tori and noncommutative orbifolds", J. High Energy Phys.0009, (2000) 005</subfield>
      <subfield code="r">hep-th/0005167</subfield>
    </datafield>
    <datafield tag="999" ind1="C" ind2="5">
      <subfield code="o">[15]</subfield>
    </datafield>
    <datafield tag="999" ind1="C" ind2="5">
      <subfield code="m">S. Walters, "Projective modules over noncommutative sphere", J. London Math. Soc. : 51 (1995) 589"Chern characters of Fourier modules", Can. J. Math. : 52 (2000) 633</subfield>
    </datafield>
    <datafield tag="999" ind1="C" ind2="5">
      <subfield code="o">[16]</subfield>
    </datafield>
    <datafield tag="999" ind1="C" ind2="5">
      <subfield code="m">M. Rieffel, Pacific J. Math. : 93 (1981) 415</subfield>
    </datafield>
    <datafield tag="999" ind1="C" ind2="5">
      <subfield code="o">[17]</subfield>
    </datafield>
    <datafield tag="999" ind1="C" ind2="5">
      <subfield code="m">F. P. Boca</subfield>
      <subfield code="p">325</subfield>
      <subfield code="t">Commun. Math. Phys.</subfield>
      <subfield code="v">202</subfield>
      <subfield code="y">1999</subfield>
      <subfield code="s">Commun. Math. Phys. 202 (1999) 325</subfield>
    </datafield>
    <datafield tag="999" ind1="C" ind2="5">
      <subfield code="o">[18]</subfield>
    </datafield>
    <datafield tag="999" ind1="C" ind2="5">
      <subfield code="m">H. Bacry, A. Grossman and J. Zak</subfield>
      <subfield code="p">1118</subfield>
      <subfield code="t">Phys. Rev., B</subfield>
      <subfield code="v">12</subfield>
      <subfield code="y">1975</subfield>
      <subfield code="s">Phys. Rev. B 12 (1975) 1118</subfield>
    </datafield>
    <datafield tag="999" ind1="C" ind2="5">
      <subfield code="o">[19]</subfield>
    </datafield>
    <datafield tag="999" ind1="C" ind2="5">
      <subfield code="m">J. Zak, In Solid State Phys.edited by H. Ehrenreich, F. Seitz and D. Turnbull (Aca-demic,new York,1972), Vol. 27</subfield>
    </datafield>
  </record>