
  <record>
    <datafield tag="037" ind1=" " ind2=" ">
      <subfield code="a">nucl-th/0204031</subfield>
    </datafield>
    <datafield tag="041" ind1=" " ind2=" ">
      <subfield code="a">eng</subfield>
    </datafield>
    <datafield tag="088" ind1=" " ind2=" ">
      <subfield code="a">LA-UR-02-2040</subfield>
    </datafield>
    <datafield tag="100" ind1=" " ind2=" ">
      <subfield code="a">Page, P R</subfield>
      <subfield code="u">Los Alamos Sci. Lab.</subfield>
    </datafield>
    <datafield tag="245" ind1=" " ind2=" ">
      <subfield code="a">Hybrid Baryons</subfield>
    </datafield>
    <datafield tag="260" ind1=" " ind2=" ">
      <subfield code="a">Los Alamos, NM</subfield>
      <subfield code="b">Los Alamos Sci. Lab.</subfield>
      <subfield code="c">11 Apr 2002</subfield>
    </datafield>
    <datafield tag="300" ind1=" " ind2=" ">
      <subfield code="a">12 p</subfield>
    </datafield>
    <datafield tag="520" ind1=" " ind2=" ">
      <subfield code="a">We review the status of hybrid baryons. The only known way to study hybrids rigorously is via excited adiabatic potentials. Hybrids can be modelled by both the bag and flux-tube models. The low-lying hybrid baryon is N 1/2^+ with amass of 1.5-1.8 GeV. Hybrid baryons can be produced in the glue-rich processes of diffractive gamma N and pi N production, Psi decays and p pbar annihilation.</subfield>
    </datafield>
    <datafield tag="595" ind1=" " ind2=" ">
      <subfield code="a">LANL EDS</subfield>
    </datafield>
    <datafield tag="650" ind1="1" ind2="7">
      <subfield code="2">SzGeCERN</subfield>
      <subfield code="a">Nuclear Physics</subfield>
    </datafield>
    <datafield tag="856" ind1="0" ind2=" ">
      <subfield code="f">"Philip R. page" &lt;prp@t16prp.lanl.gov&gt;</subfield>
    </datafield>
    <datafield tag="FFT" ind1=" " ind2=" ">
      <subfield code="a">http://invenio-software.org/download/invenio-demo-site-files/0204031.pdf</subfield>
    </datafield>
    <datafield tag="FFT" ind1=" " ind2=" ">
      <subfield code="a">http://invenio-software.org/download/invenio-demo-site-files/0204031.ps.gz</subfield>
    </datafield>
    <datafield tag="909" ind1="C" ind2="0">
      <subfield code="b">11</subfield>
    </datafield>
    <datafield tag="909" ind1="C" ind2="0">
      <subfield code="y">2002</subfield>
    </datafield>
    <datafield tag="909" ind1="C" ind2="1">
      <subfield code="y">Page, Philip R.</subfield>
    </datafield>
    <datafield tag="909" ind1="C" ind2="1">
      <subfield code="c">2002-04-15</subfield>
      <subfield code="l">00</subfield>
      <subfield code="m">2002-04-15</subfield>
      <subfield code="o">BATCH</subfield>
    </datafield>
    <datafield tag="909" ind1="C" ind2="K">
      <subfield code="b">INVITED PLENARY TALK PRESENTED AT THE ``9TH INTERNATIONAL CONFERENCE ON THE STRUCTURE OF BARYONS'' (BARYONS 2002) 3-8 MARCH NEWPORT NEWS VA USA 12 PAGES 7 ENCAPSULATED POSTSCRIPT FIGURES LATEX</subfield>
    </datafield>
    <datafield tag="909" ind1="C" ind2="S">
      <subfield code="s">n</subfield>
      <subfield code="w">200216</subfield>
    </datafield>
   <datafield tag="999" ind1="C" ind2="5">
      <subfield code="o">1.</subfield>
      <subfield code="m">T. Barnes, contribution at the COSY Workshop on Baryon Excitations (May 2000, Jülich, Germany),</subfield>
      <subfield code="r">nucl-th/0009011</subfield>
   </datafield>
   <datafield tag="999" ind1="C" ind2="5">
      <subfield code="o">2.</subfield>
      <subfield code="m">E.I. Ivanov et al.,</subfield>
      <subfield code="s">Phys. Rev. Lett. 86 (2001) 3977</subfield>
   </datafield>
   <datafield tag="999" ind1="C" ind2="5">
      <subfield code="o">3.</subfield>
      <subfield code="m">T.T. Takahashi, H. Matsufuru, Y. Nemoto and H. Suganuma,</subfield>
      <subfield code="s">Phys. Rev. Lett. 86 (2001) 18</subfield>
   </datafield>
   <datafield tag="999" ind1="C" ind2="5">
      <subfield code="o">3.</subfield>
      <subfield code="m">; ibid., Proc. of "Int. Symp. on Hadron and Nuclei" (February 2001, Seoul, Korea), published by Institute of Physics and Applied Phyics (2001), ed. Dr. T.K. Choi, p. 341; ibid., T. Umeda, Nucl. Phys. Proc. S. : 94 (2001) 554.</subfield>
   </datafield>
   <datafield tag="999" ind1="C" ind2="5">
      <subfield code="o">4.</subfield>
      <subfield code="m">Yu. A. Simonov, these proceedings; D.S. Kuzmenko and Yu. A. Simonov,</subfield>
      <subfield code="r">hep-ph/0202277</subfield>
   </datafield>
   <datafield tag="999" ind1="C" ind2="5">
      <subfield code="o">5.</subfield>
      <subfield code="m">S. Capstick and N. Isgur,</subfield>
      <subfield code="s">Phys. Rev. D 34 (1986) 2809</subfield>
   </datafield>
   <datafield tag="999" ind1="C" ind2="5">
      <subfield code="o">6.</subfield>
      <subfield code="m">C. Alexandrou, Ph. de Forcrand and A. Tsapalis,</subfield>
      <subfield code="s">Phys. Rev. D 65 (2002) 054503</subfield>
   </datafield>
   <datafield tag="999" ind1="C" ind2="5">
      <subfield code="o">7.</subfield>
      <subfield code="m">C.E. Carlson and N.C. Mukhopadhyay,</subfield>
      <subfield code="s">Phys. Rev. Lett. 67 (1991) 3745</subfield>
   </datafield>
   <datafield tag="999" ind1="C" ind2="5">
      <subfield code="o">8.</subfield>
      <subfield code="m">C.-K. Chow, D. Pirjol and T.-M. Yan,</subfield>
      <subfield code="s">Phys. Rev. D 59 (1999) 056002</subfield>
   </datafield>
   <datafield tag="999" ind1="C" ind2="5">
      <subfield code="o">9.</subfield>
      <subfield code="m">T. Barnes, Ph. D. thesis, California Institute of Technology, 1977; T. Barnes and F.E. Close,</subfield>
      <subfield code="s">Phys. Lett. B 123 (1983) 89</subfield>
   </datafield>
   <datafield tag="999" ind1="C" ind2="5">
      <subfield code="o">10.</subfield>
      <subfield code="m">E. Golowich, E. Haqq and G. Karl,</subfield>
      <subfield code="s">Phys. Rev. D 28 (1983) 160</subfield>
   </datafield>
   <datafield tag="999" ind1="C" ind2="5">
      <subfield code="o">11.</subfield>
      <subfield code="m">C.E. Carlson, Proc. of the 7th Int. Conf. on the Structure of Baryons (October 1995, Santa Fe, NM), p. 461, eds. B. F. Gibson et al. (World Scientific, Singapore, 1996).</subfield>
   </datafield>
   <datafield tag="999" ind1="C" ind2="5">
      <subfield code="o">12.</subfield>
      <subfield code="m">C.E. Carlson and T.H. Hansson,</subfield>
      <subfield code="s">Phys. Lett. B 128 (1983) 95</subfield>
   </datafield>
   <datafield tag="999" ind1="C" ind2="5">
      <subfield code="o">13.</subfield>
      <subfield code="m">I. Duck and E. Umland,</subfield>
      <subfield code="s">Phys. Lett. B 128 (1983) 221</subfield>
   </datafield>
   <datafield tag="999" ind1="C" ind2="5">
      <subfield code="o">14.</subfield>
      <subfield code="m">P.R. Page, Proc. of "The Physics of Excited Nucleons" (NSTAR2000) (February 2000, Newport News, VA).</subfield>
   </datafield>
   <datafield tag="999" ind1="C" ind2="5">
      <subfield code="o">15.</subfield>
      <subfield code="m">J. Merlin and J. Paton,</subfield>
      <subfield code="s">J. Phys. G 11 (1985) 439</subfield>
   </datafield>
   <datafield tag="999" ind1="C" ind2="5">
      <subfield code="o">16.</subfield>
      <subfield code="m">K.J. Juge, J. Kuti and C.J. Morningstar, Nucl. Phys. Proc. S. : 63 (1998) 543.</subfield>
   </datafield>
   <datafield tag="999" ind1="C" ind2="5">
      <subfield code="o">17.</subfield>
      <subfield code="m">E.S. Swanson and A.P. Szczepaniak,</subfield>
      <subfield code="s">Phys. Rev. D 59 (1999) 014035</subfield>
   </datafield>
   <datafield tag="999" ind1="C" ind2="5">
      <subfield code="o">18.</subfield>
      <subfield code="m">T.J. Allen, M.G. Olsson and S. Veseli,</subfield>
      <subfield code="s">Phys. Lett. B 434 (1998) 110</subfield>
   </datafield>
   <datafield tag="999" ind1="C" ind2="5">
      <subfield code="o">19.</subfield>
      <subfield code="m">S. Capstick and P.R. Page,</subfield>
      <subfield code="s">Phys. Rev. D 60 (1999) 111501</subfield>
   </datafield>
   <datafield tag="999" ind1="C" ind2="5">
      <subfield code="o">20.</subfield>
      <subfield code="m">L.S. Kisslinger et al.,</subfield>
      <subfield code="s">Phys. Rev. D 51 (1995) 5986</subfield>
   </datafield>
   <datafield tag="999" ind1="C" ind2="5">
      <subfield code="o">20.</subfield>
      <subfield code="s">Nucl. Phys. A 629 (1998) 30c</subfield>
   </datafield>
   <datafield tag="999" ind1="C" ind2="5">
      <subfield code="o">20.</subfield>
      <subfield code="m">A.P. Martynenko,</subfield>
      <subfield code="s">Sov. J. Nucl. Phys. 54 (1991) 488</subfield>
   </datafield>
   <datafield tag="999" ind1="C" ind2="5">
      <subfield code="o">21.</subfield>
      <subfield code="m">S.M. Gerasyuta and V.I. Kochkin,</subfield>
      <subfield code="r">hep-ph/0203104</subfield>
   </datafield>
   <datafield tag="999" ind1="C" ind2="5">
      <subfield code="o">22.</subfield>
      <subfield code="m">T.D. Cohen and L.Ya. Glozman,</subfield>
      <subfield code="s">Phys. Rev. D 65 (2002) 016006</subfield>
   </datafield>
   <datafield tag="999" ind1="C" ind2="5">
      <subfield code="o">23.</subfield>
      <subfield code="m">E. Klempt, these proceedings.</subfield>
   </datafield>
   <datafield tag="999" ind1="C" ind2="5">
      <subfield code="o">24.</subfield>
      <subfield code="m">A.M. Zaitsev (VES Collab.), Proc. of ICHEP’96 (Warsaw, 1996).</subfield>
   </datafield>
   <datafield tag="999" ind1="C" ind2="5">
      <subfield code="o">25.</subfield>
      <subfield code="m">D.E. Groom et al. (Particle Data Group),</subfield>
      <subfield code="s">Eur. Phys. J. C 15 (2000) 1</subfield>
   </datafield>
   <datafield tag="999" ind1="C" ind2="5">
      <subfield code="o">26.</subfield>
      <subfield code="m">H. Li (BES Collab.),</subfield>
      <subfield code="s">Nucl. Phys. A 675 (2000) 189c</subfield>
   </datafield>
   <datafield tag="999" ind1="C" ind2="5">
      <subfield code="o">26.</subfield>
      <subfield code="m">B.-S. Zou et al.,</subfield>
      <subfield code="r">hep-ph/9909204</subfield>
   </datafield>
   <datafield tag="999" ind1="C" ind2="5">
      <subfield code="o">27.</subfield>
      <subfield code="m">L.S. Kisslinger and Z.-P. Li,</subfield>
      <subfield code="s">Phys. Lett. B 445 (1999) 271</subfield>
   </datafield>
   <datafield tag="999" ind1="C" ind2="5">
      <subfield code="o">28.</subfield>
      <subfield code="m">N. Isgur,</subfield>
      <subfield code="s">Phys. Rev. D 60 (1999) 114016</subfield>
   </datafield>
   <datafield tag="999" ind1="C" ind2="5">
      <subfield code="o">29.</subfield>
      <subfield code="m">Z.-P. Li et al.,</subfield>
      <subfield code="s">Phys. Rev. D 44 (1991) 2841</subfield>
   </datafield>
   <datafield tag="999" ind1="C" ind2="5">
      <subfield code="o">29.</subfield>
      <subfield code="s">Phys. Rev. D 46 (1992) 70</subfield>
   </datafield>
   <datafield tag="999" ind1="C" ind2="5">
      <subfield code="o">30.</subfield>
      <subfield code="m">T. Barnes and F.E. Close,</subfield>
      <subfield code="s">Phys. Lett. B 128 (1983) 277</subfield>
   </datafield>
   <datafield tag="999" ind1="C" ind2="5">
      <subfield code="o">31.</subfield>
      <subfield code="m">O. Kittel and G.F. Farrar,</subfield>
      <subfield code="r">hep-ph/0010186</subfield>
   </datafield>
   <datafield tag="999" ind1="C" ind2="5">
      <subfield code="o">32.</subfield>
      <subfield code="m">P.R. Page, Proc. of "3rd Int. Conf. on Quark Confinement and Hadron Spectrum" (Confinement III), (June 1998, Newport News, VA).</subfield>
   </datafield>
   <datafield tag="999" ind1="C" ind2="5">
      <subfield code="o">33.</subfield>
      <subfield code="m">K.J. Juge, J. Kuti and C.J. Morningstar, Nucl. Phys. Proc. S. : 63 (1998) 326.</subfield>
   </datafield>
    <datafield tag="980" ind1=" " ind2=" ">
      <subfield code="a">PREPRINT</subfield>
    </datafield>
  </record>