
  <record>
    <datafield tag="037" ind1=" " ind2=" ">
      <subfield code="a">nucl-th/0204033</subfield>
    </datafield>
    <datafield tag="041" ind1=" " ind2=" ">
      <subfield code="a">eng</subfield>
    </datafield>
    <datafield tag="100" ind1=" " ind2=" ">
      <subfield code="a">Oyamatsu, K</subfield>
      <subfield code="u">Aichi Shukutoku Univ</subfield>
    </datafield>
    <datafield tag="245" ind1=" " ind2=" ">
      <subfield code="a">Saturation of nuclear matter and radii of unstable nuclei</subfield>
    </datafield>
    <datafield tag="260" ind1=" " ind2=" ">
      <subfield code="c">12 Apr 2002</subfield>
    </datafield>
    <datafield tag="300" ind1=" " ind2=" ">
      <subfield code="a">26 p</subfield>
    </datafield>
    <datafield tag="520" ind1=" " ind2=" ">
      <subfield code="a">We examine relations among the parameters characterizing the phenomenological equation of state (EOS) of nearly symmetric, uniform nuclear matter near the saturation density by comparing macroscopic calculations of radii and massesof stable nuclei with the experimental data. The EOS parameters of interest here are the symmetry energy S_0, the symmetry energy density-derivative coefficient L and the incompressibility K_0 at the normal nuclear density. We find aconstraint on the relation between K_0 and L from the empirically allowed values of the slope of the saturation line (the line joining the saturation points of nuclear matter at finite neutron excess), together with a strongcorrelation between S_0 and L. In the light of the uncertainties in the values of K_0 and L, we macroscopically calculate radii of unstable nuclei as expected to be produced in future facilities. We find that the matter radii dependstrongly on L while being almost independent of K_0, a feature that will help to determine the L value via systematic measurements of nuclear size.</subfield>
    </datafield>
    <datafield tag="595" ind1=" " ind2=" ">
      <subfield code="a">LANL EDS</subfield>
    </datafield>
    <datafield tag="650" ind1="1" ind2="7">
      <subfield code="2">SzGeCERN</subfield>
      <subfield code="a">Nuclear Physics</subfield>
    </datafield>
    <datafield tag="700" ind1=" " ind2=" ">
      <subfield code="a">Iida, K</subfield>
    </datafield>
    <datafield tag="856" ind1="0" ind2=" ">
      <subfield code="f">Kei Iida &lt;keiiida@postman.riken.go.jp&gt;</subfield>
    </datafield>
    <datafield tag="FFT" ind1=" " ind2=" ">
      <subfield code="a">http://invenio-software.org/download/invenio-demo-site-files/0204033.pdf</subfield>
    </datafield>
    <datafield tag="FFT" ind1=" " ind2=" ">
      <subfield code="a">http://invenio-software.org/download/invenio-demo-site-files/0204033.ps.gz</subfield>
    </datafield>
    <datafield tag="909" ind1="C" ind2="5">
      <subfield code="b">CER</subfield>
    </datafield>
    <datafield tag="909" ind1="C" ind2="S">
      <subfield code="s">n</subfield>
      <subfield code="w">200231</subfield>
    </datafield>
    <datafield tag="909" ind1="C" ind2="0">
      <subfield code="y">2002</subfield>
    </datafield>
    <datafield tag="909" ind1="C" ind2="0">
      <subfield code="b">11</subfield>
    </datafield>
    <datafield tag="909" ind1="C" ind2="1">
      <subfield code="y">Oyamatsu, Kazuhiro</subfield>
    </datafield>
    <datafield tag="909" ind1="C" ind2="1">
      <subfield code="y">Iida, Kei</subfield>
    </datafield>
    <datafield tag="909" ind1="C" ind2="1">
      <subfield code="c">2002-04-15</subfield>
      <subfield code="l">00</subfield>
      <subfield code="m">2002-04-15</subfield>
      <subfield code="o">BATCH</subfield>
    </datafield>
    <datafield tag="980" ind1=" " ind2=" ">
      <subfield code="a">PREPRINT</subfield>
    </datafield>
    <datafield tag="999" ind1="C" ind2="5">
      <subfield code="o">[1]</subfield>
    </datafield>
    <datafield tag="999" ind1="C" ind2="5">
      <subfield code="m">J.M. Blatt and V.F. Weisskopf, Theoretical Nuclear Physics, Wiley, New York, 1952</subfield>
    </datafield>
    <datafield tag="999" ind1="C" ind2="5">
      <subfield code="o">[2]</subfield>
    </datafield>
    <datafield tag="999" ind1="C" ind2="5">
      <subfield code="m">H. Heiselberg, V.R. Pandharipande</subfield>
      <subfield code="p">481</subfield>
      <subfield code="t">Annu. Rev. Nucl. Part. Sci.</subfield>
      <subfield code="v">50</subfield>
      <subfield code="y">2000</subfield>
      <subfield code="s">Annu. Rev. Nucl. Part. Sci. 50 (2000) 481</subfield>
    </datafield>
    <datafield tag="999" ind1="C" ind2="5">
      <subfield code="o">[3]</subfield>
    </datafield>
    <datafield tag="999" ind1="C" ind2="5">
      <subfield code="m">K. Oyamatsu, I. Tanihata, Y. Sugahara, K. Sumiyoshi, H. Toki</subfield>
      <subfield code="p">3</subfield>
      <subfield code="t">Nucl. Phys., A</subfield>
      <subfield code="v">634</subfield>
      <subfield code="y">1998</subfield>
      <subfield code="s">Nucl. Phys. A 634 (1998) 3</subfield>
    </datafield>
    <datafield tag="999" ind1="C" ind2="5">
      <subfield code="o">[4]</subfield>
    </datafield>
    <datafield tag="999" ind1="C" ind2="5">
      <subfield code="m">B.A. Brown</subfield>
      <subfield code="p">5296</subfield>
      <subfield code="t">Phys. Rev. Lett.</subfield>
      <subfield code="v">85</subfield>
      <subfield code="y">2000</subfield>
      <subfield code="s">Phys. Rev. Lett. 85 (2000) 5296</subfield>
    </datafield>
    <datafield tag="999" ind1="C" ind2="5">
      <subfield code="o">[5]</subfield>
    </datafield>
    <datafield tag="999" ind1="C" ind2="5">
      <subfield code="m">K.C. Chung, C.S. Wang, A.J. Santiago</subfield>
      <subfield code="r">nucl-th/0102017</subfield>
    </datafield>
    <datafield tag="999" ind1="C" ind2="5">
      <subfield code="o">[6]</subfield>
    </datafield>
    <datafield tag="999" ind1="C" ind2="5">
      <subfield code="m">B.A. Li</subfield>
      <subfield code="p">4221</subfield>
      <subfield code="t">Phys. Rev. Lett.</subfield>
      <subfield code="v">85</subfield>
      <subfield code="y">2000</subfield>
      <subfield code="s">Phys. Rev. Lett. 85 (2000) 4221</subfield>
    </datafield>
    <datafield tag="999" ind1="C" ind2="5">
      <subfield code="o">[7]</subfield>
    </datafield>
    <datafield tag="999" ind1="C" ind2="5">
      <subfield code="m">C. Sturm et al</subfield>
      <subfield code="p">39</subfield>
      <subfield code="t">Phys. Rev. Lett.</subfield>
      <subfield code="v">86</subfield>
      <subfield code="y">2001</subfield>
      <subfield code="s">Phys. Rev. Lett. 86 (2001) 39</subfield>
    </datafield>
    <datafield tag="999" ind1="C" ind2="5">
      <subfield code="o">[8]</subfield>
    </datafield>
    <datafield tag="999" ind1="C" ind2="5">
      <subfield code="m">C. Fuchs, A. Faessler, E. Zabrodin, Y.M. Zheng</subfield>
      <subfield code="p">1974</subfield>
      <subfield code="t">Phys. Rev. Lett.</subfield>
      <subfield code="v">86</subfield>
      <subfield code="y">2001</subfield>
      <subfield code="s">Phys. Rev. Lett. 86 (2001) 1974</subfield>
    </datafield>
    <datafield tag="999" ind1="C" ind2="5">
      <subfield code="o">[9]</subfield>
    </datafield>
    <datafield tag="999" ind1="C" ind2="5">
      <subfield code="m">P. Danielewicz, in: Proc. Int. Symp. on Non-Equilibrium and Nonlinear Dynamics in Nuclear and Other Finite Systems, Beijing, 2001</subfield>
      <subfield code="r">nucl-th/0112006</subfield>
    </datafield>
    <datafield tag="999" ind1="C" ind2="5">
      <subfield code="o">[10]</subfield>
    </datafield>
    <datafield tag="999" ind1="C" ind2="5">
      <subfield code="m">D.H. Youngblood, H.L. Clark, Y.-W. Lui</subfield>
      <subfield code="p">691</subfield>
      <subfield code="t">Phys. Rev. Lett.</subfield>
      <subfield code="v">82</subfield>
      <subfield code="y">1999</subfield>
      <subfield code="s">Phys. Rev. Lett. 82 (1999) 691</subfield>
    </datafield>
    <datafield tag="999" ind1="C" ind2="5">
      <subfield code="o">[11]</subfield>
    </datafield>
    <datafield tag="999" ind1="C" ind2="5">
      <subfield code="m">J.A. Pons, F.M. Walter, J.M. Lattimer, M. Prakash, R. Neuhaeuser, P. An</subfield>
      <subfield code="p">981</subfield>
      <subfield code="t">Astrophys. J.</subfield>
      <subfield code="v">564</subfield>
      <subfield code="y">2002</subfield>
      <subfield code="s">Astrophys. J. 564 (2002) 981</subfield>
    </datafield>
    <datafield tag="999" ind1="C" ind2="5">
      <subfield code="o">[12]</subfield>
    </datafield>
    <datafield tag="999" ind1="C" ind2="5">
      <subfield code="m">J.M. Lattimer</subfield>
      <subfield code="p">337</subfield>
      <subfield code="t">Annu. Rev. Nucl. Part. Sci.</subfield>
      <subfield code="v">31</subfield>
      <subfield code="y">1981</subfield>
      <subfield code="s">Annu. Rev. Nucl. Part. Sci. 31 (1981) 337</subfield>
    </datafield>
    <datafield tag="999" ind1="C" ind2="5">
      <subfield code="o">[13]</subfield>
    </datafield>
    <datafield tag="999" ind1="C" ind2="5">
      <subfield code="m">K. Oyamatsu</subfield>
      <subfield code="p">431</subfield>
      <subfield code="t">Nucl. Phys., A</subfield>
      <subfield code="v">561</subfield>
      <subfield code="y">1993</subfield>
      <subfield code="s">Nucl. Phys. A 561 (1993) 431</subfield>
    </datafield>
    <datafield tag="999" ind1="C" ind2="5">
      <subfield code="o">[14]</subfield>
    </datafield>
    <datafield tag="999" ind1="C" ind2="5">
      <subfield code="m">L.R.B. Elton, A. Swift</subfield>
      <subfield code="p">52</subfield>
      <subfield code="t">Nucl. Phys., A</subfield>
      <subfield code="v">94</subfield>
      <subfield code="y">1967</subfield>
      <subfield code="s">Nucl. Phys. A 94 (1967) 52</subfield>
    </datafield>
    <datafield tag="999" ind1="C" ind2="5">
      <subfield code="o">[15]</subfield>
    </datafield>
    <datafield tag="999" ind1="C" ind2="5">
      <subfield code="m">M. Yamada</subfield>
      <subfield code="p">512</subfield>
      <subfield code="t">Prog. Theor. Phys.</subfield>
      <subfield code="v">32</subfield>
      <subfield code="y">1964</subfield>
      <subfield code="s">Prog. Theor. Phys. 32 (1964) 512</subfield>
    </datafield>
    <datafield tag="999" ind1="C" ind2="5">
      <subfield code="o">[16]</subfield>
    </datafield>
    <datafield tag="999" ind1="C" ind2="5">
      <subfield code="m">H. de Vries, C.W. de Jager, C. de Vries</subfield>
      <subfield code="p">495</subfield>
      <subfield code="t">At. Data Nucl. Data Tables</subfield>
      <subfield code="v">36</subfield>
      <subfield code="y">1987</subfield>
      <subfield code="s">At. Data Nucl. Data Tables 36 (1987) 495</subfield>
    </datafield>
    <datafield tag="999" ind1="C" ind2="5">
      <subfield code="o">[17]</subfield>
    </datafield>
    <datafield tag="999" ind1="C" ind2="5">
      <subfield code="m">G. Audi, A.H. Wapstra</subfield>
      <subfield code="p">409</subfield>
      <subfield code="t">Nucl. Phys., A</subfield>
      <subfield code="v">595</subfield>
      <subfield code="y">1995</subfield>
      <subfield code="s">Nucl. Phys. A 595 (1995) 409</subfield>
    </datafield>
    <datafield tag="999" ind1="C" ind2="5">
      <subfield code="o">[18]</subfield>
    </datafield>
    <datafield tag="999" ind1="C" ind2="5">
      <subfield code="m">S. Goriely, F. Tondeur, J.M. Pearson</subfield>
      <subfield code="p">311</subfield>
      <subfield code="t">At. Data Nucl. Data Tables</subfield>
      <subfield code="v">77</subfield>
      <subfield code="y">2001</subfield>
      <subfield code="s">At. Data Nucl. Data Tables 77 (2001) 311</subfield>
    </datafield>
    <datafield tag="999" ind1="C" ind2="5">
      <subfield code="o">[19]</subfield>
    </datafield>
    <datafield tag="999" ind1="C" ind2="5">
      <subfield code="m">M. Samyn, S. Goriely, P.-H. Heenen, J.M. Pearson, F. Tondeur</subfield>
      <subfield code="p">142</subfield>
      <subfield code="t">Nucl. Phys., A</subfield>
      <subfield code="v">700</subfield>
      <subfield code="y">2002</subfield>
      <subfield code="s">Nucl. Phys. A 700 (2002) 142</subfield>
    </datafield>
    <datafield tag="999" ind1="C" ind2="5">
      <subfield code="o">[20]</subfield>
    </datafield>
    <datafield tag="999" ind1="C" ind2="5">
      <subfield code="m">E. Chabanat, P. Bonche, P. Haensel, J. Meyer, R. Schaeffer</subfield>
      <subfield code="p">231</subfield>
      <subfield code="t">Nucl. Phys., A</subfield>
      <subfield code="v">635</subfield>
      <subfield code="y">1998</subfield>
      <subfield code="s">Nucl. Phys. A 635 (1998) 231</subfield>
    </datafield>
    <datafield tag="999" ind1="C" ind2="5">
      <subfield code="o">[21]</subfield>
    </datafield>
    <datafield tag="999" ind1="C" ind2="5">
      <subfield code="m">Y. Sugahara, H. Toki</subfield>
      <subfield code="p">557</subfield>
      <subfield code="t">Nucl. Phys., A</subfield>
      <subfield code="v">579</subfield>
      <subfield code="y">1994</subfield>
      <subfield code="s">Nucl. Phys. A 579 (1994) 557</subfield>
    </datafield>
    <datafield tag="999" ind1="C" ind2="5">
      <subfield code="o">[22]</subfield>
    </datafield>
    <datafield tag="999" ind1="C" ind2="5">
      <subfield code="m">A. Ozawa, T. Suzuki, I. Tanihata</subfield>
      <subfield code="p">32</subfield>
      <subfield code="t">Nucl. Phys., A</subfield>
      <subfield code="v">693</subfield>
      <subfield code="y">2001</subfield>
      <subfield code="s">Nucl. Phys. A 693 (2001) 32</subfield>
    </datafield>
    <datafield tag="999" ind1="C" ind2="5">
      <subfield code="o">[23]</subfield>
    </datafield>
    <datafield tag="999" ind1="C" ind2="5">
      <subfield code="m">C.J. Batty, E. Friedman, H.J. Gils, H. Rebel</subfield>
      <subfield code="p">1</subfield>
      <subfield code="t">Adv. Nucl. Phys.</subfield>
      <subfield code="v">19</subfield>
      <subfield code="y">1989</subfield>
      <subfield code="s">Adv. Nucl. Phys. 19 (1989) 1</subfield>
    </datafield>
    <datafield tag="999" ind1="C" ind2="5">
      <subfield code="o">[24]</subfield>
    </datafield>
    <datafield tag="999" ind1="C" ind2="5">
      <subfield code="m">G. Fricke, C. Bernhardt, K. Heilig, L.A. Schaller, L. Schellenberg, E.B. Shera, C.W. de Jager</subfield>
      <subfield code="p">177</subfield>
      <subfield code="t">At. Data Nucl. Data Tables</subfield>
      <subfield code="v">60</subfield>
      <subfield code="y">1995</subfield>
      <subfield code="s">At. Data Nucl. Data Tables 60 (1995) 177</subfield>
    </datafield>
    <datafield tag="999" ind1="C" ind2="5">
      <subfield code="o">[25]</subfield>
    </datafield>
    <datafield tag="999" ind1="C" ind2="5">
      <subfield code="m">G. Huber et al</subfield>
      <subfield code="p">2342</subfield>
      <subfield code="t">Phys. Rev., C</subfield>
      <subfield code="v">18</subfield>
      <subfield code="y">1978</subfield>
      <subfield code="s">Phys. Rev. C 18 (1978) 2342</subfield>
    </datafield>
    <datafield tag="999" ind1="C" ind2="5">
      <subfield code="o">[26]</subfield>
    </datafield>
    <datafield tag="999" ind1="C" ind2="5">
      <subfield code="m">L. Ray, G.W. Hoffmann, W.R. Coker</subfield>
      <subfield code="p">223</subfield>
      <subfield code="t">Phys. Rep.</subfield>
      <subfield code="v">212</subfield>
      <subfield code="y">1992</subfield>
      <subfield code="s">Phys. Rep. 212 (1992) 223</subfield>
    </datafield>
    <datafield tag="999" ind1="C" ind2="5">
      <subfield code="o">[27]</subfield>
    </datafield>
    <datafield tag="999" ind1="C" ind2="5">
      <subfield code="m">S. Yoshida, H. Sagawa, N. Takigawa</subfield>
      <subfield code="p">2796</subfield>
      <subfield code="t">Phys. Rev., C</subfield>
      <subfield code="v">58</subfield>
      <subfield code="y">1998</subfield>
      <subfield code="s">Phys. Rev. C 58 (1998) 2796</subfield>
    </datafield>
    <datafield tag="999" ind1="C" ind2="5">
      <subfield code="o">[28]</subfield>
    </datafield>
    <datafield tag="999" ind1="C" ind2="5">
      <subfield code="m">C.J. Pethick, D.G. Ravenhall</subfield>
      <subfield code="p">173</subfield>
      <subfield code="t">Nucl. Phys., A</subfield>
      <subfield code="v">606</subfield>
      <subfield code="y">1996</subfield>
      <subfield code="s">Nucl. Phys. A 606 (1996) 173</subfield>
    </datafield>
    <datafield tag="999" ind1="C" ind2="5">
      <subfield code="o">[29]</subfield>
    </datafield>
    <datafield tag="999" ind1="C" ind2="5">
      <subfield code="m">K. Iida, K. Oyamatsu, unpublished</subfield>
    </datafield>
    <datafield tag="999" ind1="C" ind2="5">
      <subfield code="o">[30]</subfield>
    </datafield>
    <datafield tag="999" ind1="C" ind2="5">
      <subfield code="m">J.P. Blaizot, J.F. Berger, J. Decharg´e, M. Girod</subfield>
      <subfield code="p">435</subfield>
      <subfield code="t">Nucl. Phys., A</subfield>
      <subfield code="v">591</subfield>
      <subfield code="y">1995</subfield>
      <subfield code="s">Nucl. Phys. A 591 (1995) 435</subfield>
    </datafield>
  </record>