
  <record>
    <datafield tag="037" ind1=" " ind2=" ">
      <subfield code="a">nucl-th/0204034</subfield>
    </datafield>
    <datafield tag="041" ind1=" " ind2=" ">
      <subfield code="a">eng</subfield>
    </datafield>
    <datafield tag="100" ind1=" " ind2=" ">
      <subfield code="a">Bozek, P</subfield>
      <subfield code="u">Institute of Nuclear Physics, Cracow, Poland</subfield>
    </datafield>
    <datafield tag="245" ind1=" " ind2=" ">
      <subfield code="a">Nuclear matter with off-shell propagation</subfield>
    </datafield>
    <datafield tag="260" ind1=" " ind2=" ">
      <subfield code="c">12 Apr 2002</subfield>
    </datafield>
    <datafield tag="520" ind1=" " ind2=" ">
      <subfield code="a">Symmetric nuclear matter is studied within the conserving, self-consistent T-matrix approximation. This approach involves off-shell propagation of nucleons in the ladder diagrams. The binding energy receives contributions from thebackground part of the spectral function, away form the quasiparticle peak. The Fermi energy at the saturation point fulfills the Hugenholz-Van Hove relation. In comparison to the Brueckner-Hartree-Fock approach, the binding energyis reduced and the equation of state is harder</subfield>
    </datafield>
    <datafield tag="595" ind1=" " ind2=" ">
      <subfield code="a">LANL EDS</subfield>
    </datafield>
    <datafield tag="650" ind1="1" ind2="7">
      <subfield code="2">SzGeCERN</subfield>
      <subfield code="a">Nuclear Physics</subfield>
    </datafield>
    <datafield tag="856" ind1="0" ind2=" ">
      <subfield code="f">Bozek &lt;bozek@sothis.ifj.edu.pl&gt;</subfield>
    </datafield>
    <datafield tag="FFT" ind1=" " ind2=" ">
      <subfield code="a">http://invenio-software.org/download/invenio-demo-site-files/0204034.pdf</subfield>
    </datafield>
    <datafield tag="FFT" ind1=" " ind2=" ">
      <subfield code="a">http://invenio-software.org/download/invenio-demo-site-files/0204034.ps.gz</subfield>
    </datafield>
    <datafield tag="909" ind1="C" ind2="0">
      <subfield code="y">2002</subfield>
    </datafield>
    <datafield tag="909" ind1="C" ind2="0">
      <subfield code="b">11</subfield>
    </datafield>
    <datafield tag="909" ind1="C" ind2="1">
      <subfield code="c">2002-04-15</subfield>
      <subfield code="l">00</subfield>
      <subfield code="m">2002-04-15</subfield>
      <subfield code="o">BATCH</subfield>
    </datafield>
    <datafield tag="909" ind1="C" ind2="S">
      <subfield code="s">n</subfield>
      <subfield code="w">200216</subfield>
    </datafield>
    <datafield tag="980" ind1=" " ind2=" ">
      <subfield code="a">PREPRINT</subfield>
    </datafield>
  </record>