
  <record>
    <datafield tag="037" ind1=" " ind2=" ">
      <subfield code="a">hep-th/0003289</subfield>
    </datafield>
    <datafield tag="041" ind1=" " ind2=" ">
      <subfield code="a">eng</subfield>
    </datafield>
    <datafield tag="088" ind1=" " ind2=" ">
      <subfield code="a">PUPT-1926</subfield>
    </datafield>
    <datafield tag="100" ind1=" " ind2=" ">
      <subfield code="a">Costa, M S</subfield>
      <subfield code="u">Princeton University</subfield>
    </datafield>
    <datafield tag="245" ind1=" " ind2=" ">
      <subfield code="a">A Test of the AdS/CFT Duality on the Coulomb Branch</subfield>
    </datafield>
    <datafield tag="260" ind1=" " ind2=" ">
      <subfield code="a">Princeton, NJ</subfield>
      <subfield code="b">Princeton Univ. Joseph-Henry Lab. Phys.</subfield>
      <subfield code="c">31 Mar 2000</subfield>
    </datafield>
    <datafield tag="300" ind1=" " ind2=" ">
      <subfield code="a">11 p</subfield>
    </datafield>
    <datafield tag="520" ind1=" " ind2=" ">
      <subfield code="a">We consider the N=4 SU(N) Super Yang Mills theory on the Coulomb branch with gauge symmetry broken to S(U(N_1)*U(N_2)). By integrating the W particles, the effective action near the IR SU(N_i) conformal fixed points is seen to be adeformation of the Super Yang Mills theory by a non-renormalized, irrelevant, dimension 8 operator. The correction to the two-point function of the dilaton field dual operator near the IR is related to a three-point function ofchiral primary operators at the conformal fixed points and agrees with the classical gravity prediction, including the numerical factor.</subfield>
    </datafield>
    <datafield tag="595" ind1=" " ind2=" ">
      <subfield code="a">LANL EDS</subfield>
    </datafield>
    <datafield tag="595" ind1=" " ind2=" ">
      <subfield code="a">LANLPUBL200104</subfield>
    </datafield>
    <datafield tag="650" ind1="1" ind2="7">
      <subfield code="2">SzGeCERN</subfield>
      <subfield code="a">Particle Physics - Theory</subfield>
    </datafield>
    <datafield tag="856" ind1="0" ind2=" ">
      <subfield code="f">Miguel S Costa &lt;miguel@feynman.princeton.edu&gt;</subfield>
    </datafield>
    <datafield tag="FFT" ind1=" " ind2=" ">
      <subfield code="a">http://invenio-software.org/download/invenio-demo-site-files/0003289.pdf</subfield>
    </datafield>
    <datafield tag="FFT" ind1=" " ind2=" ">
      <subfield code="a">http://invenio-software.org/download/invenio-demo-site-files/0003289.ps.gz</subfield>
    </datafield>
    <datafield tag="909" ind1="C" ind2="0">
      <subfield code="y">2000</subfield>
    </datafield>
    <datafield tag="909" ind1="C" ind2="0">
      <subfield code="b">13</subfield>
    </datafield>
    <datafield tag="909" ind1="C" ind2="1">
      <subfield code="u">Princeton University</subfield>
    </datafield>
    <datafield tag="909" ind1="C" ind2="1">
      <subfield code="c">2000-04-03</subfield>
      <subfield code="l">50</subfield>
      <subfield code="m">2001-11-09</subfield>
      <subfield code="o">BATCH</subfield>
    </datafield>
    <datafield tag="909" ind1="C" ind2="1">
      <subfield code="y">Costa, Miguel S.</subfield>
    </datafield>
    <datafield tag="909" ind1="C" ind2="4">
      <subfield code="c">287-292</subfield>
      <subfield code="p">Phys. Lett., B</subfield>
      <subfield code="v">482</subfield>
      <subfield code="y">2000</subfield>
    </datafield>
    <datafield tag="909" ind1="C" ind2="O">
      <subfield code="i">SLAC</subfield>
      <subfield code="s">4356110</subfield>
    </datafield>
    <datafield tag="909" ind1="C" ind2="S">
      <subfield code="s">n</subfield>
      <subfield code="w">200014</subfield>
    </datafield>
    <datafield tag="980" ind1=" " ind2=" ">
      <subfield code="a">ARTICLE</subfield>
    </datafield>
    <datafield tag="999" ind1="C" ind2="5">
      <subfield code="o">[1]</subfield>
    </datafield>
    <datafield tag="999" ind1="C" ind2="5">
      <subfield code="m">J.M. Maldacena, The Large N Limit of Superconformal Field Theories and Supergrav-ity</subfield>
      <subfield code="p">231</subfield>
      <subfield code="t">Adv. Theor. Math. Phys.</subfield>
      <subfield code="v">2</subfield>
      <subfield code="y">1998</subfield>
      <subfield code="s">Adv. Theor. Math. Phys. 2 (1998) 231</subfield>
    </datafield>
    <datafield tag="999" ind1="C" ind2="5">
      <subfield code="r">hep-th/9711200</subfield>
    </datafield>
    <datafield tag="999" ind1="C" ind2="5">
      <subfield code="o">[2]</subfield>
    </datafield>
    <datafield tag="999" ind1="C" ind2="5">
      <subfield code="m">S.S. Gubser, I.R. Klebanov and A.M. Polyakov, Gauge Theory Correlators from Non-Critical String Theory</subfield>
      <subfield code="p">105</subfield>
      <subfield code="t">Phys. Lett., B</subfield>
      <subfield code="v">428</subfield>
      <subfield code="y">1998</subfield>
      <subfield code="s">Phys. Lett. B 428 (1998) 105</subfield>
    </datafield>
    <datafield tag="999" ind1="C" ind2="5">
      <subfield code="r">hep-th/9802109</subfield>
    </datafield>
    <datafield tag="999" ind1="C" ind2="5">
      <subfield code="o">[3]</subfield>
    </datafield>
    <datafield tag="999" ind1="C" ind2="5">
      <subfield code="m">E. Witten, Anti De Sitter Space And Holography</subfield>
      <subfield code="p">253</subfield>
      <subfield code="t">Adv. Theor. Math. Phys.</subfield>
      <subfield code="v">2</subfield>
      <subfield code="y">1998</subfield>
      <subfield code="s">Adv. Theor. Math. Phys. 2 (1998) 253</subfield>
    </datafield>
    <datafield tag="999" ind1="C" ind2="5">
      <subfield code="r">hep-th/9802150</subfield>
    </datafield>
    <datafield tag="999" ind1="C" ind2="5">
      <subfield code="o">[4]</subfield>
    </datafield>
    <datafield tag="999" ind1="C" ind2="5">
      <subfield code="m">O. Aharony, S.S. Gubser, J. Maldacena, H. Ooguri and Y. Oz, Large N Field Theories, String Theory and Gravity</subfield>
      <subfield code="p">183</subfield>
      <subfield code="t">Phys. Rep.</subfield>
      <subfield code="v">323</subfield>
      <subfield code="y">2000</subfield>
      <subfield code="s">Phys. Rep. 323 (2000) 183</subfield>
    </datafield>
    <datafield tag="999" ind1="C" ind2="5">
      <subfield code="r">hep-th/9905111</subfield>
    </datafield>
    <datafield tag="999" ind1="C" ind2="5">
      <subfield code="o">[5]</subfield>
    </datafield>
    <datafield tag="999" ind1="C" ind2="5">
      <subfield code="m">J.A. Minahan and N.P. Warner, Quark Potentials in the Higgs Phase of Large N Supersymmetric Yang-Mills Theories</subfield>
      <subfield code="p">005</subfield>
      <subfield code="t">J. High Energy Phys.</subfield>
      <subfield code="v">06</subfield>
      <subfield code="y">1998</subfield>
      <subfield code="s">J. High Energy Phys. 06 (1998) 005</subfield>
    </datafield>
    <datafield tag="999" ind1="C" ind2="5">
      <subfield code="r">hep-th/9805104</subfield>
    </datafield>
    <datafield tag="999" ind1="C" ind2="5">
      <subfield code="o">[6]</subfield>
    </datafield>
    <datafield tag="999" ind1="C" ind2="5">
      <subfield code="m">M.R. Douglas and W. Taylor, Branes in the bulk of Anti-de Sitter space</subfield>
      <subfield code="r">hep-th/9807225</subfield>
    </datafield>
    <datafield tag="999" ind1="C" ind2="5">
      <subfield code="o">[7]</subfield>
    </datafield>
    <datafield tag="999" ind1="C" ind2="5">
      <subfield code="m">A.A. Tseytlin and S. Yankielowicz, Free energy of N=4 super Yang-Mills in Higgs phase and non-extremal D3-brane interactions</subfield>
      <subfield code="p">145</subfield>
      <subfield code="t">Nucl. Phys., B</subfield>
      <subfield code="v">541</subfield>
      <subfield code="y">1999</subfield>
      <subfield code="s">Nucl. Phys. B 541 (1999) 145</subfield>
    </datafield>
    <datafield tag="999" ind1="C" ind2="5">
      <subfield code="r">hep-th/9809032</subfield>
    </datafield>
    <datafield tag="999" ind1="C" ind2="5">
      <subfield code="o">[8]</subfield>
    </datafield>
    <datafield tag="999" ind1="C" ind2="5">
      <subfield code="m">Y. Wu, A Note on AdS/SYM Correspondence on the Coulomb Branch</subfield>
      <subfield code="r">hep-th/9809055</subfield>
    </datafield>
    <datafield tag="999" ind1="C" ind2="5">
      <subfield code="o">[9]</subfield>
    </datafield>
    <datafield tag="999" ind1="C" ind2="5">
      <subfield code="m">P. Kraus, F. Larsen, S. Trivedi, The Coulomb Branch of Gauge Theory from Rotating Branes</subfield>
      <subfield code="p">003</subfield>
      <subfield code="t">J. High Energy Phys.</subfield>
      <subfield code="v">03</subfield>
      <subfield code="y">1999</subfield>
      <subfield code="s">J. High Energy Phys. 03 (1999) 003</subfield>
    </datafield>
    <datafield tag="999" ind1="C" ind2="5">
      <subfield code="r">hep-th/9811120</subfield>
    </datafield>
    <datafield tag="999" ind1="C" ind2="5">
      <subfield code="o">[10]</subfield>
    </datafield>
    <datafield tag="999" ind1="C" ind2="5">
      <subfield code="m">I.R. Klebanov and E. Witten, AdS/CFT Correspondence and Symmetry Breaking</subfield>
      <subfield code="p">89</subfield>
      <subfield code="t">Nucl. Phys., B</subfield>
      <subfield code="v">556</subfield>
      <subfield code="y">1999</subfield>
      <subfield code="s">Nucl. Phys. B 556 (1999) 89</subfield>
    </datafield>
    <datafield tag="999" ind1="C" ind2="5">
      <subfield code="r">hep-th/9905104</subfield>
    </datafield>
    <datafield tag="999" ind1="C" ind2="5">
      <subfield code="o">[11]</subfield>
    </datafield>
    <datafield tag="999" ind1="C" ind2="5">
      <subfield code="m">D.Z. Freedman, S.S. Gubser, K. Pilch and N.P. Warner, Continuous distributions of D3-branes and gauged supergravity</subfield>
      <subfield code="r">hep-th/9906194</subfield>
    </datafield>
    <datafield tag="999" ind1="C" ind2="5">
      <subfield code="o">[12]</subfield>
    </datafield>
    <datafield tag="999" ind1="C" ind2="5">
      <subfield code="m">A. Brandhuber and K. Sfetsos, Wilson loops from multicentre and rotating branes, mass gaps and phase structure in gauge theories</subfield>
      <subfield code="r">hep-th/9906201</subfield>
    </datafield>
    <datafield tag="999" ind1="C" ind2="5">
      <subfield code="o">[13]</subfield>
    </datafield>
    <datafield tag="999" ind1="C" ind2="5">
      <subfield code="m">I. Chepelev and R. Roiban, A note on correlation functions in AdS5/SY M4 corre-spondence on the Coulomb branch</subfield>
      <subfield code="p">74</subfield>
      <subfield code="t">Phys. Lett., B</subfield>
      <subfield code="v">462</subfield>
      <subfield code="y">1999</subfield>
      <subfield code="s">Phys. Lett. B 462 (1999) 74</subfield>
    </datafield>
    <datafield tag="999" ind1="C" ind2="5">
      <subfield code="r">hep-th/9906224</subfield>
    </datafield>
    <datafield tag="999" ind1="C" ind2="5">
      <subfield code="o">[14]</subfield>
    </datafield>
    <datafield tag="999" ind1="C" ind2="5">
      <subfield code="m">S.B. Giddings and S.F. Ross, D3-brane shells to black branes on the Coulomb branch</subfield>
      <subfield code="p">024036</subfield>
      <subfield code="t">Phys. Rev., D</subfield>
      <subfield code="v">61</subfield>
      <subfield code="y">2000</subfield>
      <subfield code="s">Phys. Rev. D 61 (2000) 024036</subfield>
    </datafield>
    <datafield tag="999" ind1="C" ind2="5">
      <subfield code="r">hep-th/9907204</subfield>
    </datafield>
    <datafield tag="999" ind1="C" ind2="5">
      <subfield code="o">[15]</subfield>
    </datafield>
    <datafield tag="999" ind1="C" ind2="5">
      <subfield code="m">M. Cvetic, S.S. Gubser, H. Lu and C.N. Pope, Symmetric Potentials of Gauged Su-pergravities in Diverse Dimensions and Coulomb Branch of Gauge Theories</subfield>
      <subfield code="r">hep-th/9909121</subfield>
    </datafield>
    <datafield tag="999" ind1="C" ind2="5">
      <subfield code="o">[16]</subfield>
    </datafield>
    <datafield tag="999" ind1="C" ind2="5">
      <subfield code="m">R.C.Rashkov and K.S.Viswanathan, Correlation functions in the Coulomb branch of N=4 SYM from AdS/CFT correspondence</subfield>
      <subfield code="r">hep-th/9911160</subfield>
    </datafield>
    <datafield tag="999" ind1="C" ind2="5">
      <subfield code="o">[17]</subfield>
    </datafield>
    <datafield tag="999" ind1="C" ind2="5">
      <subfield code="m">M.S. Costa, Absorption by Double-Centered D3-Branes and the Coulomb Branch of N = 4 SYM Theory</subfield>
      <subfield code="r">hep-th/9912073</subfield>
    </datafield>
    <datafield tag="999" ind1="C" ind2="5">
      <subfield code="o">[18]</subfield>
    </datafield>
    <datafield tag="999" ind1="C" ind2="5">
      <subfield code="m">Y.S. Myung, G. Kang and H.W. Lee, Greybody factor for D3-branes in B field</subfield>
      <subfield code="r">hep-th/9911193</subfield>
    </datafield>
    <datafield tag="999" ind1="C" ind2="5">
      <subfield code="m">S-wave absorption of scalars by noncommutative D3-branes</subfield>
      <subfield code="r">hep-th/9912288</subfield>
    </datafield>
    <datafield tag="999" ind1="C" ind2="5">
      <subfield code="o">[19]</subfield>
    </datafield>
    <datafield tag="999" ind1="C" ind2="5">
      <subfield code="m">R. Manvelyan, H.J.W. Mueller-Kirsten, J.-Q. Liang, Y. Zhang, Absorption Cross Sec-tion of Scalar Field in Supergravity Background</subfield>
      <subfield code="r">hep-th/0001179</subfield>
    </datafield>
    <datafield tag="999" ind1="C" ind2="5">
      <subfield code="o">[20]</subfield>
    </datafield>
    <datafield tag="999" ind1="C" ind2="5">
      <subfield code="m">S.S. Gubser and I.R. Klebanov, Absorption by Branes and Schwinger Terms in the World Volume Theory</subfield>
      <subfield code="p">41</subfield>
      <subfield code="t">Phys. Lett., B</subfield>
      <subfield code="v">413</subfield>
      <subfield code="y">1997</subfield>
      <subfield code="s">Phys. Lett. B 413 (1997) 41</subfield>
    </datafield>
    <datafield tag="999" ind1="C" ind2="5">
      <subfield code="r">hep-th/9708005</subfield>
    </datafield>
    <datafield tag="999" ind1="C" ind2="5">
      <subfield code="o">[21]</subfield>
    </datafield>
    <datafield tag="999" ind1="C" ind2="5">
      <subfield code="m">K. Intriligator, Maximally Supersymmetric RG Flows and AdS Duality</subfield>
      <subfield code="r">hep-th/9909082</subfield>
    </datafield>
    <datafield tag="999" ind1="C" ind2="5">
      <subfield code="o">[22]</subfield>
    </datafield>
    <datafield tag="999" ind1="C" ind2="5">
      <subfield code="m">S.S. Gubser, A. Hashimoto, I.R. Klebanov and M. Krasnitz, Scalar Absorption and the Breaking of the World Volume Conformal Invariance</subfield>
      <subfield code="p">393</subfield>
      <subfield code="t">Nucl. Phys., B</subfield>
      <subfield code="v">526</subfield>
      <subfield code="y">1998</subfield>
      <subfield code="s">Nucl. Phys. B 526 (1998) 393</subfield>
    </datafield>
    <datafield tag="999" ind1="C" ind2="5">
      <subfield code="r">hep-th/9803023</subfield>
    </datafield>
    <datafield tag="999" ind1="C" ind2="5">
      <subfield code="o">[23]</subfield>
    </datafield>
    <datafield tag="999" ind1="C" ind2="5">
      <subfield code="m">S. Lee, S. Minwalla, M. Rangamani and N. Seiberg, Three-Point Functions of Chiral Operators in D=4, N = 4 SYM at Large N</subfield>
      <subfield code="p">697</subfield>
      <subfield code="t">Adv. Theor. Math. Phys.</subfield>
      <subfield code="v">2</subfield>
      <subfield code="y">1998</subfield>
      <subfield code="s">Adv. Theor. Math. Phys. 2 (1998) 697</subfield>
    </datafield>
    <datafield tag="999" ind1="C" ind2="5">
      <subfield code="r">hep-th/9806074</subfield>
    </datafield>
    <datafield tag="999" ind1="C" ind2="5">
      <subfield code="o">[24]</subfield>
    </datafield>
    <datafield tag="999" ind1="C" ind2="5">
      <subfield code="m">E. D'Hoker, D.Z. Freedman and W. Skiba, Field Theory Tests for Correlators in the AdS/CFT Correspondence</subfield>
      <subfield code="p">045008</subfield>
      <subfield code="t">Phys. Rev., D</subfield>
      <subfield code="v">59</subfield>
      <subfield code="y">1999</subfield>
      <subfield code="s">Phys. Rev. D 59 (1999) 045008</subfield>
    </datafield>
    <datafield tag="999" ind1="C" ind2="5">
      <subfield code="r">hep-th/9807098</subfield>
    </datafield>
    <datafield tag="999" ind1="C" ind2="5">
      <subfield code="o">[25]</subfield>
    </datafield>
    <datafield tag="999" ind1="C" ind2="5">
      <subfield code="m">F. Gonzalez-Rey, B. Kulik and I.Y. Park, Non-renormalization of two and three Point Correlators of N=4 SYM in N=1 Superspace</subfield>
      <subfield code="p">164</subfield>
      <subfield code="t">Phys. Lett., B</subfield>
      <subfield code="v">455</subfield>
      <subfield code="y">1999</subfield>
      <subfield code="s">Phys. Lett. B 455 (1999) 164</subfield>
    </datafield>
    <datafield tag="999" ind1="C" ind2="5">
      <subfield code="r">hep-th/9903094</subfield>
    </datafield>
    <datafield tag="999" ind1="C" ind2="5">
      <subfield code="o">[26]</subfield>
    </datafield>
    <datafield tag="999" ind1="C" ind2="5">
      <subfield code="m">K. Intriligator, Bonus Symmetries of N=4 Super-Yang-Mills Correlation Functions via AdS Duality</subfield>
      <subfield code="p">575</subfield>
      <subfield code="t">Nucl. Phys., B</subfield>
      <subfield code="v">551</subfield>
      <subfield code="y">1999</subfield>
      <subfield code="s">Nucl. Phys. B 551 (1999) 575</subfield>
    </datafield>
    <datafield tag="999" ind1="C" ind2="5">
      <subfield code="r">hep-th/9811047</subfield>
    </datafield>
    <datafield tag="999" ind1="C" ind2="5">
      <subfield code="m">K. Intriligator and W. Skiba, Bonus Symmetry and the Operator Product Expansion of N=4 Super-Yang-Mills</subfield>
      <subfield code="p">165</subfield>
      <subfield code="t">Nucl. Phys., B</subfield>
      <subfield code="v">559</subfield>
      <subfield code="y">1999</subfield>
      <subfield code="s">Nucl. Phys. B 559 (1999) 165</subfield>
    </datafield>
    <datafield tag="999" ind1="C" ind2="5">
      <subfield code="r">hep-th/9905020</subfield>
    </datafield>
    <datafield tag="999" ind1="C" ind2="5">
      <subfield code="o">[27]</subfield>
    </datafield>
    <datafield tag="999" ind1="C" ind2="5">
      <subfield code="m">B. Eden, P.S. Howe and P.C. West, Nilpotent invariants in N=4 SYM</subfield>
      <subfield code="p">19</subfield>
      <subfield code="t">Phys. Lett., B</subfield>
      <subfield code="v">463</subfield>
      <subfield code="y">1999</subfield>
      <subfield code="s">Phys. Lett. B 463 (1999) 19</subfield>
    </datafield>
    <datafield tag="999" ind1="C" ind2="5">
      <subfield code="r">hep-th/9905085</subfield>
    </datafield>
    <datafield tag="999" ind1="C" ind2="5">
      <subfield code="m">P.S. Howe, C. Schubert, E. Sokatchev and P.C. West, Explicit construction of nilpotent covariants in N=4 SYM</subfield>
      <subfield code="r">hep-th/9910011</subfield>
    </datafield>
    <datafield tag="999" ind1="C" ind2="5">
      <subfield code="o">[28]</subfield>
    </datafield>
    <datafield tag="999" ind1="C" ind2="5">
      <subfield code="m">A. Petkou and K. Skenderis, A non-renormalization theorem for conformal anomalies</subfield>
      <subfield code="p">100</subfield>
      <subfield code="t">Nucl. Phys., B</subfield>
      <subfield code="v">561</subfield>
      <subfield code="y">1999</subfield>
      <subfield code="s">Nucl. Phys. B 561 (1999) 100</subfield>
    </datafield>
    <datafield tag="999" ind1="C" ind2="5">
      <subfield code="r">hep-th/9906030</subfield>
    </datafield>
    <datafield tag="999" ind1="C" ind2="5">
      <subfield code="o">[29]</subfield>
    </datafield>
    <datafield tag="999" ind1="C" ind2="5">
      <subfield code="m">M.R. Douglas, D. Kabat, P. Pouliot and S.H. Shenker, D-branes and Short Distances in String Theory</subfield>
      <subfield code="p">85</subfield>
      <subfield code="t">Nucl. Phys., B</subfield>
      <subfield code="v">485</subfield>
      <subfield code="y">1997</subfield>
      <subfield code="s">Nucl. Phys. B 485 (1997) 85</subfield>
    </datafield>
    <datafield tag="999" ind1="C" ind2="5">
      <subfield code="r">hep-th/9608024</subfield>
    </datafield>
    <datafield tag="999" ind1="C" ind2="5">
      <subfield code="o">[30]</subfield>
    </datafield>
    <datafield tag="999" ind1="C" ind2="5">
      <subfield code="m">G. Lifschytz and S.D. Mathur, Supersymmetry and Membrane Interactions in M(atrix) Theory</subfield>
      <subfield code="p">621</subfield>
      <subfield code="t">Nucl. Phys., B</subfield>
      <subfield code="v">507</subfield>
      <subfield code="y">1997</subfield>
      <subfield code="s">Nucl. Phys. B 507 (1997) 621</subfield>
    </datafield>
    <datafield tag="999" ind1="C" ind2="5">
      <subfield code="r">hep-th/9612087</subfield>
    </datafield>
    <datafield tag="999" ind1="C" ind2="5">
      <subfield code="o">[31]</subfield>
    </datafield>
    <datafield tag="999" ind1="C" ind2="5">
      <subfield code="m">J. Maldacena, Probing Near Extremal Black Holes with D-branes</subfield>
      <subfield code="p">3736</subfield>
      <subfield code="t">Phys. Rev., D</subfield>
      <subfield code="v">57</subfield>
      <subfield code="y">1998</subfield>
      <subfield code="s">Phys. Rev. D 57 (1998) 3736</subfield>
    </datafield>
    <datafield tag="999" ind1="C" ind2="5">
      <subfield code="r">hep-th/9705053</subfield>
    </datafield>
    <datafield tag="999" ind1="C" ind2="5">
      <subfield code="m">Branes probing black holes</subfield>
      <subfield code="p">17</subfield>
      <subfield code="t">Nucl. Phys. B, Proc. Suppl.</subfield>
      <subfield code="v">68</subfield>
      <subfield code="y">1998</subfield>
      <subfield code="s">Nucl. Phys. B, Proc. Suppl. 68 (1998) 17</subfield>
    </datafield>
    <datafield tag="999" ind1="C" ind2="5">
      <subfield code="r">hep-th/9709099</subfield>
    </datafield>
    <datafield tag="999" ind1="C" ind2="5">
      <subfield code="o">[32]</subfield>
    </datafield>
    <datafield tag="999" ind1="C" ind2="5">
      <subfield code="m">I. Chepelev and A.A. Tseytlin, Interactions of type IIB D-branes from D-instanton ma-trix model</subfield>
      <subfield code="p">629</subfield>
      <subfield code="t">Nucl. Phys., B</subfield>
      <subfield code="v">511</subfield>
      <subfield code="y">1998</subfield>
      <subfield code="s">Nucl. Phys. B 511 (1998) 629</subfield>
    </datafield>
    <datafield tag="999" ind1="C" ind2="5">
      <subfield code="r">hep-th/9705120</subfield>
    </datafield>
    <datafield tag="999" ind1="C" ind2="5">
      <subfield code="m">Long-distance interactions of branes: correspondence between supergravity and super Yang-Mills descriptions</subfield>
      <subfield code="p">73</subfield>
      <subfield code="t">Nucl. Phys., B</subfield>
      <subfield code="v">515</subfield>
      <subfield code="y">1998</subfield>
      <subfield code="s">Nucl. Phys. B 515 (1998) 73</subfield>
    </datafield>
    <datafield tag="999" ind1="C" ind2="5">
      <subfield code="r">hep-th/9709087</subfield>
    </datafield>
    <datafield tag="999" ind1="C" ind2="5">
      <subfield code="m">A.A. Tseytlin, Interactions Between Branes and Matrix Theories</subfield>
      <subfield code="p">99</subfield>
      <subfield code="t">Nucl. Phys. B, Proc. Suppl.</subfield>
      <subfield code="v">68</subfield>
      <subfield code="y">1998</subfield>
      <subfield code="s">Nucl. Phys. B, Proc. Suppl. 68 (1998) 99</subfield>
    </datafield>
    <datafield tag="999" ind1="C" ind2="5">
      <subfield code="r">hep-th/9709123</subfield>
    </datafield>
    <datafield tag="999" ind1="C" ind2="5">
      <subfield code="o">[33]</subfield>
    </datafield>
    <datafield tag="999" ind1="C" ind2="5">
      <subfield code="m">M. Dine and N. Seiberg, Comments on Higher Derivative Operators in Some SUSY Field Theories</subfield>
      <subfield code="p">239</subfield>
      <subfield code="t">Phys. Lett., B</subfield>
      <subfield code="v">409</subfield>
      <subfield code="y">1997</subfield>
      <subfield code="s">Phys. Lett. B 409 (1997) 239</subfield>
    </datafield>
    <datafield tag="999" ind1="C" ind2="5">
      <subfield code="r">hep-th/9705057</subfield>
    </datafield>
    <datafield tag="999" ind1="C" ind2="5">
      <subfield code="o">[34]</subfield>
    </datafield>
    <datafield tag="999" ind1="C" ind2="5">
      <subfield code="m">A.A. Tseytlin, On non-abelian generalisation of Born-Infeld action in string theory</subfield>
      <subfield code="p">41</subfield>
      <subfield code="t">Nucl. Phys., B</subfield>
      <subfield code="v">501</subfield>
      <subfield code="y">1997</subfield>
      <subfield code="s">Nucl. Phys. B 501 (1997) 41</subfield>
    </datafield>
    <datafield tag="999" ind1="C" ind2="5">
      <subfield code="r">hep-th/9701125</subfield>
    </datafield>
    <datafield tag="999" ind1="C" ind2="5">
      <subfield code="o">[35]</subfield>
    </datafield>
    <datafield tag="999" ind1="C" ind2="5">
      <subfield code="m">S.S. Gubser and A. Hashimoto, Exact absorption probabilities for the D3-brane, Com-mun. Math. Phys. : 203 (1999) 325</subfield>
      <subfield code="r">hep-th/9805140</subfield>
    </datafield>
    <datafield tag="999" ind1="C" ind2="5">
      <subfield code="o">[36]</subfield>
    </datafield>
    <datafield tag="999" ind1="C" ind2="5">
      <subfield code="m">S.S. Gubser, Non-conformal examples of AdS/CFT</subfield>
      <subfield code="p">1081</subfield>
      <subfield code="t">Class. Quantum Gravity</subfield>
      <subfield code="v">17</subfield>
      <subfield code="y">2000</subfield>
      <subfield code="s">Class. Quantum Gravity 17 (2000) 1081</subfield>
    </datafield>
    <datafield tag="999" ind1="C" ind2="5">
      <subfield code="r">hep-th/9910117</subfield>
    </datafield>
  </record>