
  <record>
    <datafield tag="037" ind1=" " ind2=" ">
      <subfield code="a">hep-th/0003293</subfield>
    </datafield>
    <datafield tag="041" ind1=" " ind2=" ">
      <subfield code="a">eng</subfield>
    </datafield>
    <datafield tag="100" ind1=" " ind2=" ">
      <subfield code="a">Smailagic, A</subfield>
      <subfield code="u">University of Osijek</subfield>
    </datafield>
    <datafield tag="245" ind1=" " ind2=" ">
      <subfield code="a">Higher Dimensional Schwinger-like Anomalous Effective Action</subfield>
    </datafield>
    <datafield tag="520" ind1=" " ind2=" ">
      <subfield code="a">We construct explicit form of the anomalous effective action, in arbitrary even dimension, for Abelian vector and axial gauge fields coupled to Dirac fermions. It turns out to be a surprisingly simple extension of 2D Schwinger modeleffective action.</subfield>
    </datafield>
    <datafield tag="595" ind1=" " ind2=" ">
      <subfield code="a">LANL EDS</subfield>
    </datafield>
    <datafield tag="595" ind1=" " ind2=" ">
      <subfield code="a">LANLPUBL200104</subfield>
    </datafield>
    <datafield tag="650" ind1="1" ind2="7">
      <subfield code="2">SzGeCERN</subfield>
      <subfield code="a">Particle Physics - Theory</subfield>
    </datafield>
    <datafield tag="700" ind1=" " ind2=" ">
      <subfield code="a">Spallucci, E</subfield>
    </datafield>
    <datafield tag="856" ind1="0" ind2=" ">
      <subfield code="f">spallucci@ts.infn.it</subfield>
    </datafield>
    <datafield tag="FFT" ind1=" " ind2=" ">
      <subfield code="a">http://invenio-software.org/download/invenio-demo-site-files/0003293.pdf</subfield>
    </datafield>
    <datafield tag="FFT" ind1=" " ind2=" ">
      <subfield code="a">http://invenio-software.org/download/invenio-demo-site-files/0003293.ps.gz</subfield>
    </datafield>
    <datafield tag="909" ind1="C" ind2="5">
      <subfield code="b">CER</subfield>
    </datafield>
    <datafield tag="909" ind1="C" ind2="S">
      <subfield code="s">n</subfield>
      <subfield code="w">200231</subfield>
    </datafield>
    <datafield tag="909" ind1="C" ind2="0">
      <subfield code="y">2000</subfield>
    </datafield>
    <datafield tag="909" ind1="C" ind2="0">
      <subfield code="b">13</subfield>
    </datafield>
    <datafield tag="909" ind1="C" ind2="1">
      <subfield code="c">2000-04-03</subfield>
      <subfield code="l">50</subfield>
      <subfield code="m">2001-11-09</subfield>
      <subfield code="o">BATCH</subfield>
    </datafield>
    <datafield tag="909" ind1="C" ind2="4">
      <subfield code="c">045010</subfield>
      <subfield code="p">Phys. Rev., D</subfield>
      <subfield code="v">62</subfield>
      <subfield code="y">2000</subfield>
    </datafield>
    <datafield tag="909" ind1="C" ind2="O">
      <subfield code="i">SLAC</subfield>
      <subfield code="s">4356152</subfield>
    </datafield>
    <datafield tag="980" ind1=" " ind2=" ">
      <subfield code="a">ARTICLE</subfield>
    </datafield>
    <datafield tag="999" ind1="C" ind2="5">
      <subfield code="o">[1]</subfield>
    </datafield>
    <datafield tag="999" ind1="C" ind2="5">
      <subfield code="m">S.L. Adler</subfield>
      <subfield code="p">2426</subfield>
      <subfield code="t">Phys. Rev.</subfield>
      <subfield code="v">177</subfield>
      <subfield code="y">1969</subfield>
      <subfield code="s">Phys. Rev. 177 (1969) 2426</subfield>
    </datafield>
    <datafield tag="999" ind1="C" ind2="5">
      <subfield code="o">[2]</subfield>
    </datafield>
    <datafield tag="999" ind1="C" ind2="5">
      <subfield code="m">S.E.Treiman, R. Jackiw, D.J.Gross " Lectures on Current Algebra and its Applications ", Princeton UP, Princeton NJ, (1972)</subfield>
    </datafield>
    <datafield tag="999" ind1="C" ind2="5">
      <subfield code="o">[3]</subfield>
    </datafield>
    <datafield tag="999" ind1="C" ind2="5">
      <subfield code="m">T.Berger " Fermions in two (1+1)-dimensional anomalous gauge theories: the chiral Schwinger model and the chiral quantum gravity " Hamburg U</subfield>
      <subfield code="r">DESY-90-084</subfield>
    </datafield>
    <datafield tag="999" ind1="C" ind2="5">
      <subfield code="m">July 1990</subfield>
    </datafield>
    <datafield tag="999" ind1="C" ind2="5">
      <subfield code="o">[4]</subfield>
    </datafield>
    <datafield tag="999" ind1="C" ind2="5">
      <subfield code="m">L.Rosenberg, Phys. Rev.129, (1963) 2786</subfield>
    </datafield>
    <datafield tag="999" ind1="C" ind2="5">
      <subfield code="o">[5]</subfield>
    </datafield>
    <datafield tag="999" ind1="C" ind2="5">
      <subfield code="m">R.Jackiw " Topological Investigations of Quantized Gauge Theories " in Relativity, Groups and Topology eds. B.deWitt and R.Stora (Elsevier, Amsterdam 1984)</subfield>
    </datafield>
    <datafield tag="999" ind1="C" ind2="5">
      <subfield code="o">[6]</subfield>
    </datafield>
    <datafield tag="999" ind1="C" ind2="5">
      <subfield code="m">M.T.Grisaru, N.K.Nielsen, W.Siegel, D.Zanon</subfield>
      <subfield code="p">157</subfield>
      <subfield code="t">Nucl. Phys., B</subfield>
      <subfield code="v">247</subfield>
      <subfield code="y">1984</subfield>
      <subfield code="s">Nucl. Phys. B 247 (1984) 157</subfield>
    </datafield>
    <datafield tag="999" ind1="C" ind2="5">
      <subfield code="o">[7]</subfield>
    </datafield>
    <datafield tag="999" ind1="C" ind2="5">
      <subfield code="m">A.M. Polyakov</subfield>
      <subfield code="p">207</subfield>
      <subfield code="t">Phys. Lett., B</subfield>
      <subfield code="v">103</subfield>
      <subfield code="y">1981</subfield>
      <subfield code="s">Phys. Lett. B 103 (1981) 207</subfield>
    </datafield>
    <datafield tag="999" ind1="C" ind2="5">
      <subfield code="m">A.M. Polyakov</subfield>
      <subfield code="p">893</subfield>
      <subfield code="t">Mod. Phys. Lett., A</subfield>
      <subfield code="v">2</subfield>
      <subfield code="y">1987</subfield>
      <subfield code="s">Mod. Phys. Lett. A 2 (1987) 893</subfield>
    </datafield>
    <datafield tag="999" ind1="C" ind2="5">
      <subfield code="o">[8]</subfield>
    </datafield>
    <datafield tag="999" ind1="C" ind2="5">
      <subfield code="m">R.J. Riegert</subfield>
      <subfield code="p">56</subfield>
      <subfield code="t">Phys. Lett.</subfield>
      <subfield code="v">134</subfield>
      <subfield code="y">1984</subfield>
      <subfield code="s">Phys. Lett. 134 (1984) 56</subfield>
    </datafield>
    <datafield tag="999" ind1="C" ind2="5">
      <subfield code="o">[9]</subfield>
    </datafield>
    <datafield tag="999" ind1="C" ind2="5">
      <subfield code="m">K.Fujikawa</subfield>
      <subfield code="p">1195</subfield>
      <subfield code="t">Phys. Rev. Lett.</subfield>
      <subfield code="v">42</subfield>
      <subfield code="y">1979</subfield>
      <subfield code="s">Phys. Rev. Lett. 42 (1979) 1195</subfield>
    </datafield>
    <datafield tag="999" ind1="C" ind2="5">
      <subfield code="o">[10]</subfield>
    </datafield>
    <datafield tag="999" ind1="C" ind2="5">
      <subfield code="m">B.deWitt, Relativity, Groups and Topology, Paris (1963); A.O.Barvinsky, G.A.Vilkovisky</subfield>
      <subfield code="p">1</subfield>
      <subfield code="t">Phys. Rep.</subfield>
      <subfield code="v">119</subfield>
      <subfield code="y">1985</subfield>
      <subfield code="s">Phys. Rep. 119 (1985) 1</subfield>
    </datafield>
    <datafield tag="999" ind1="C" ind2="5">
      <subfield code="o">[11]</subfield>
    </datafield>
    <datafield tag="999" ind1="C" ind2="5">
      <subfield code="m">P.H.Frampton, T.W.Kephart</subfield>
      <subfield code="p">1343</subfield>
      <subfield code="t">Phys. Rev. Lett.</subfield>
      <subfield code="v">50</subfield>
      <subfield code="y">1983</subfield>
      <subfield code="s">Phys. Rev. Lett. 50 (1983) 1343</subfield>
    </datafield>
    <datafield tag="999" ind1="C" ind2="5">
      <subfield code="m">L. Alvarez-Gaume, E.Witten</subfield>
      <subfield code="p">269</subfield>
      <subfield code="t">Nucl. Phys.</subfield>
      <subfield code="v">234</subfield>
      <subfield code="y">1983</subfield>
      <subfield code="s">Nucl. Phys. 234 (1983) 269</subfield>
    </datafield>
    <datafield tag="999" ind1="C" ind2="5">
      <subfield code="o">[12]</subfield>
    </datafield>
    <datafield tag="999" ind1="C" ind2="5">
      <subfield code="m">A.Smailagic, R.E.Gamboa-Saravi</subfield>
      <subfield code="p">145</subfield>
      <subfield code="t">Phys. Lett.</subfield>
      <subfield code="v">192</subfield>
      <subfield code="y">1987</subfield>
      <subfield code="s">Phys. Lett. 192 (1987) 145</subfield>
    </datafield>
    <datafield tag="999" ind1="C" ind2="5">
      <subfield code="m">A.Smailagic, E.Spallucci</subfield>
      <subfield code="p">17</subfield>
      <subfield code="t">Phys. Lett.</subfield>
      <subfield code="v">284</subfield>
      <subfield code="y">1992</subfield>
      <subfield code="s">Phys. Lett. 284 (1992) 17</subfield>
    </datafield>
  </record>