
  <record>
    <datafield tag="037" ind1=" " ind2=" ">
      <subfield code="a">hep-th/0003295</subfield>
    </datafield>
    <datafield tag="041" ind1=" " ind2=" ">
      <subfield code="a">eng</subfield>
    </datafield>
    <datafield tag="100" ind1=" " ind2=" ">
      <subfield code="a">Wang, B</subfield>
      <subfield code="u">Fudan University</subfield>
    </datafield>
    <datafield tag="245" ind1=" " ind2=" ">
      <subfield code="a">Quasinormal modes of Reissner-Nordstrom Anti-de Sitter Black Holes</subfield>
    </datafield>
    <datafield tag="520" ind1=" " ind2=" ">
      <subfield code="a">Complex frequencies associated with quasinormal modes for large Reissner-Nordstr$\ddot{o}$m Anti-de Sitter black holes have been computed. These frequencies have close relation to the black hole charge and do not linearly scale withthe black hole temperature as in Schwarzschild Anti-de Sitter case. In terms of AdS/CFT correspondence, we found that the bigger the black hole charge is, the quicker for the approach to thermal equilibrium in the CFT. The propertiesof quasinormal modes for $l&gt;0$ have also been studied.</subfield>
    </datafield>
    <datafield tag="595" ind1=" " ind2=" ">
      <subfield code="a">LANL EDS</subfield>
    </datafield>
    <datafield tag="595" ind1=" " ind2=" ">
      <subfield code="a">LANLPUBL200104</subfield>
    </datafield>
    <datafield tag="650" ind1="1" ind2="7">
      <subfield code="2">SzGeCERN</subfield>
      <subfield code="a">Particle Physics - Theory</subfield>
    </datafield>
    <datafield tag="700" ind1=" " ind2=" ">
      <subfield code="a">Lin, C Y</subfield>
    </datafield>
    <datafield tag="700" ind1=" " ind2=" ">
      <subfield code="a">Abdalla, E</subfield>
    </datafield>
    <datafield tag="856" ind1="0" ind2=" ">
      <subfield code="f">Elcio Abdalla &lt;eabdalla@fma.if.usp.br&gt;</subfield>
    </datafield>
    <datafield tag="FFT" ind1=" " ind2=" ">
      <subfield code="a">http://invenio-software.org/download/invenio-demo-site-files/0003295.pdf</subfield>
    </datafield>
    <datafield tag="FFT" ind1=" " ind2=" ">
      <subfield code="a">http://invenio-software.org/download/invenio-demo-site-files/0003295.ps.gz</subfield>
    </datafield>
    <datafield tag="FFT" ind1=" " ind2=" ">
      <subfield code="a">http://invenio-software.org/download/invenio-demo-site-files/0003295.fig1.ps.gz</subfield>
      <subfield code="t">Additional</subfield>
    </datafield>
    <datafield tag="FFT" ind1=" " ind2=" ">
      <subfield code="a">http://invenio-software.org/download/invenio-demo-site-files/0003295.fig2.ps.gz</subfield>
      <subfield code="t">Additional</subfield>
    </datafield>
    <datafield tag="FFT" ind1=" " ind2=" ">
      <subfield code="a">http://invenio-software.org/download/invenio-demo-site-files/0003295.fig3.ps.gz</subfield>
      <subfield code="t">Additional</subfield>
    </datafield>
    <datafield tag="FFT" ind1=" " ind2=" ">
      <subfield code="a">http://invenio-software.org/download/invenio-demo-site-files/0003295.fig4.ps.gz</subfield>
      <subfield code="t">Additional</subfield>
    </datafield>
    <datafield tag="FFT" ind1=" " ind2=" ">
      <subfield code="a">http://invenio-software.org/download/invenio-demo-site-files/0003295.fig5.ps.gz</subfield>
      <subfield code="t">Additional</subfield>
    </datafield>
    <datafield tag="FFT" ind1=" " ind2=" ">
      <subfield code="a">http://invenio-software.org/download/invenio-demo-site-files/0003295.fig6a.ps.gz</subfield>
      <subfield code="t">Additional</subfield>
    </datafield>
    <datafield tag="FFT" ind1=" " ind2=" ">
      <subfield code="a">http://invenio-software.org/download/invenio-demo-site-files/0003295.fig6b.ps.gz</subfield>
      <subfield code="t">Additional</subfield>
    </datafield>
    <datafield tag="FFT" ind1=" " ind2=" ">
      <subfield code="a">http://invenio-software.org/download/invenio-demo-site-files/0003295.fig7.ps.gz</subfield>
      <subfield code="t">Additional</subfield>
    </datafield>
    <datafield tag="909" ind1="C" ind2="5">
      <subfield code="b">CER</subfield>
    </datafield>
    <datafield tag="909" ind1="C" ind2="S">
      <subfield code="s">n</subfield>
      <subfield code="w">200231</subfield>
    </datafield>
    <datafield tag="909" ind1="C" ind2="0">
      <subfield code="y">2000</subfield>
    </datafield>
    <datafield tag="909" ind1="C" ind2="0">
      <subfield code="b">13</subfield>
    </datafield>
    <datafield tag="909" ind1="C" ind2="1">
      <subfield code="y">Wang, Bin</subfield>
    </datafield>
    <datafield tag="909" ind1="C" ind2="1">
      <subfield code="y">Lin, Chi-Yong</subfield>
    </datafield>
    <datafield tag="909" ind1="C" ind2="1">
      <subfield code="y">Abdalla, Elcio</subfield>
    </datafield>
    <datafield tag="909" ind1="C" ind2="1">
      <subfield code="c">2000-04-03</subfield>
      <subfield code="l">50</subfield>
      <subfield code="m">2001-11-09</subfield>
      <subfield code="o">BATCH</subfield>
    </datafield>
    <datafield tag="909" ind1="C" ind2="4">
      <subfield code="c">79-88</subfield>
      <subfield code="p">Phys. Lett., B</subfield>
      <subfield code="v">481</subfield>
      <subfield code="y">2000</subfield>
    </datafield>
    <datafield tag="909" ind1="C" ind2="O">
      <subfield code="i">SLAC</subfield>
      <subfield code="s">4356179</subfield>
    </datafield>
    <datafield tag="980" ind1=" " ind2=" ">
      <subfield code="a">ARTICLE</subfield>
    </datafield>
    <datafield tag="999" ind1="C" ind2="5">
      <subfield code="o">[1]</subfield>
    </datafield>
    <datafield tag="999" ind1="C" ind2="5">
      <subfield code="m">K. D. Kokkotas, B. G. Schmidt</subfield>
      <subfield code="r">gr-qc/9909058</subfield>
    </datafield>
    <datafield tag="999" ind1="C" ind2="5">
      <subfield code="m">and references therein</subfield>
    </datafield>
    <datafield tag="999" ind1="C" ind2="5">
      <subfield code="o">[2]</subfield>
    </datafield>
    <datafield tag="999" ind1="C" ind2="5">
      <subfield code="m">W. Krivan</subfield>
      <subfield code="p">101501</subfield>
      <subfield code="t">Phys. Rev., D</subfield>
      <subfield code="v">60</subfield>
      <subfield code="y">1999</subfield>
      <subfield code="s">Phys. Rev. D 60 (1999) 101501</subfield>
    </datafield>
    <datafield tag="999" ind1="C" ind2="5">
      <subfield code="o">[3]</subfield>
    </datafield>
    <datafield tag="999" ind1="C" ind2="5">
      <subfield code="m">S. Hod</subfield>
      <subfield code="r">gr-qc/9902072</subfield>
    </datafield>
    <datafield tag="999" ind1="C" ind2="5">
      <subfield code="o">[4]</subfield>
    </datafield>
    <datafield tag="999" ind1="C" ind2="5">
      <subfield code="m">P. R. Brady, C. M. Chambers, W. G. Laarakkers and E. Poisson</subfield>
      <subfield code="p">064003</subfield>
      <subfield code="t">Phys. Rev., D</subfield>
      <subfield code="v">60</subfield>
      <subfield code="y">1999</subfield>
      <subfield code="s">Phys. Rev. D 60 (1999) 064003</subfield>
    </datafield>
    <datafield tag="999" ind1="C" ind2="5">
      <subfield code="o">[5]</subfield>
    </datafield>
    <datafield tag="999" ind1="C" ind2="5">
      <subfield code="m">P. R. Brady, C. M. Chambers, W. Krivan and P. Laguna</subfield>
      <subfield code="p">7538</subfield>
      <subfield code="t">Phys. Rev., D</subfield>
      <subfield code="v">55</subfield>
      <subfield code="y">1997</subfield>
      <subfield code="s">Phys. Rev. D 55 (1997) 7538</subfield>
    </datafield>
    <datafield tag="999" ind1="C" ind2="5">
      <subfield code="o">[6]</subfield>
    </datafield>
    <datafield tag="999" ind1="C" ind2="5">
      <subfield code="m">G. T. Horowitz and V. E. Hubeny</subfield>
      <subfield code="r">hep-th/9909056</subfield>
    </datafield>
    <datafield tag="999" ind1="C" ind2="5">
      <subfield code="m">G. T. Horowitz</subfield>
      <subfield code="r">hep-th/9910082</subfield>
    </datafield>
    <datafield tag="999" ind1="C" ind2="5">
      <subfield code="o">[7]</subfield>
    </datafield>
    <datafield tag="999" ind1="C" ind2="5">
      <subfield code="m">E. S. C. Ching, P. T. Leung, W. M. Suen and K. Young</subfield>
      <subfield code="p">2118</subfield>
      <subfield code="t">Phys. Rev., D</subfield>
      <subfield code="v">52</subfield>
      <subfield code="y">1995</subfield>
      <subfield code="s">Phys. Rev. D 52 (1995) 2118</subfield>
    </datafield>
    <datafield tag="999" ind1="C" ind2="5">
      <subfield code="o">[8]</subfield>
    </datafield>
    <datafield tag="999" ind1="C" ind2="5">
      <subfield code="m">J. M. Maldacena</subfield>
      <subfield code="p">231</subfield>
      <subfield code="t">Adv. Theor. Math. Phys.</subfield>
      <subfield code="v">2</subfield>
      <subfield code="y">1998</subfield>
      <subfield code="s">Adv. Theor. Math. Phys. 2 (1998) 231</subfield>
    </datafield>
    <datafield tag="999" ind1="C" ind2="5">
      <subfield code="o">[9]</subfield>
    </datafield>
    <datafield tag="999" ind1="C" ind2="5">
      <subfield code="m">E. Witten</subfield>
      <subfield code="p">253</subfield>
      <subfield code="t">Adv. Theor. Math. Phys.</subfield>
      <subfield code="v">2</subfield>
      <subfield code="y">1998</subfield>
      <subfield code="s">Adv. Theor. Math. Phys. 2 (1998) 253</subfield>
    </datafield>
    <datafield tag="999" ind1="C" ind2="5">
      <subfield code="o">[10]</subfield>
    </datafield>
    <datafield tag="999" ind1="C" ind2="5">
      <subfield code="m">S. S. Gubser, I. R. Klebanov and A. M. Polyakov</subfield>
      <subfield code="p">105</subfield>
      <subfield code="t">Phys. Lett., B</subfield>
      <subfield code="v">428</subfield>
      <subfield code="y">1998</subfield>
      <subfield code="s">Phys. Lett. B 428 (1998) 105</subfield>
    </datafield>
    <datafield tag="999" ind1="C" ind2="5">
      <subfield code="o">[11]</subfield>
    </datafield>
    <datafield tag="999" ind1="C" ind2="5">
      <subfield code="m">A. Chamblin, R. Emparan, C. V. Johnson and R. C. Myers</subfield>
      <subfield code="p">064018</subfield>
      <subfield code="t">Phys. Rev., D</subfield>
      <subfield code="v">60</subfield>
      <subfield code="y">1999</subfield>
      <subfield code="s">Phys. Rev. D 60 (1999) 064018</subfield>
    </datafield>
    <datafield tag="999" ind1="C" ind2="5">
      <subfield code="o">[12]</subfield>
    </datafield>
    <datafield tag="999" ind1="C" ind2="5">
      <subfield code="m">E. W. Leaver</subfield>
      <subfield code="p">1238</subfield>
      <subfield code="t">J. Math. Phys.</subfield>
      <subfield code="v">27</subfield>
      <subfield code="y">1986</subfield>
      <subfield code="s">J. Math. Phys. 27 (1986) 1238</subfield>
    </datafield>
    <datafield tag="999" ind1="C" ind2="5">
      <subfield code="o">[13]</subfield>
    </datafield>
    <datafield tag="999" ind1="C" ind2="5">
      <subfield code="m">E. W. Leaver</subfield>
      <subfield code="p">2986</subfield>
      <subfield code="t">Phys. Rev., D</subfield>
      <subfield code="v">41</subfield>
      <subfield code="y">1990</subfield>
      <subfield code="s">Phys. Rev. D 41 (1990) 2986</subfield>
    </datafield>
    <datafield tag="999" ind1="C" ind2="5">
      <subfield code="o">[14]</subfield>
    </datafield>
    <datafield tag="999" ind1="C" ind2="5">
      <subfield code="m">C. O. Lousto</subfield>
      <subfield code="p">1733</subfield>
      <subfield code="t">Phys. Rev., D</subfield>
      <subfield code="v">51</subfield>
      <subfield code="y">1995</subfield>
      <subfield code="s">Phys. Rev. D 51 (1995) 1733</subfield>
    </datafield>
    <datafield tag="999" ind1="C" ind2="5">
      <subfield code="o">[15]</subfield>
    </datafield>
    <datafield tag="999" ind1="C" ind2="5">
      <subfield code="m">O. Kaburaki</subfield>
      <subfield code="p">316</subfield>
      <subfield code="t">Phys. Lett., A</subfield>
      <subfield code="v">217</subfield>
      <subfield code="y">1996</subfield>
      <subfield code="s">Phys. Lett. A 217 (1996) 316</subfield>
    </datafield>
    <datafield tag="999" ind1="C" ind2="5">
      <subfield code="o">[16]</subfield>
    </datafield>
    <datafield tag="999" ind1="C" ind2="5">
      <subfield code="m">R. K. Su, R. G. Cai and P. K. N. Yu</subfield>
      <subfield code="p">2932</subfield>
      <subfield code="t">Phys. Rev., D</subfield>
      <subfield code="v">50</subfield>
      <subfield code="y">1994</subfield>
      <subfield code="s">Phys. Rev. D 50 (1994) 2932</subfield>
    </datafield>
    <datafield tag="999" ind1="C" ind2="5">
      <subfield code="p">3473</subfield>
      <subfield code="t">Phys. Rev., D</subfield>
      <subfield code="v">48</subfield>
      <subfield code="y">1993</subfield>
      <subfield code="s">Phys. Rev. D 48 (1993) 3473</subfield>
    </datafield>
    <datafield tag="999" ind1="C" ind2="5">
      <subfield code="p">6186</subfield>
      <subfield code="t">Phys. Rev., D</subfield>
      <subfield code="v">52</subfield>
      <subfield code="y">1995</subfield>
      <subfield code="s">Phys. Rev. D 52 (1995) 6186</subfield>
    </datafield>
    <datafield tag="999" ind1="C" ind2="5">
      <subfield code="m">B. Wang, J. M. Zhu</subfield>
      <subfield code="p">1269</subfield>
      <subfield code="t">Mod. Phys. Lett., A</subfield>
      <subfield code="v">10</subfield>
      <subfield code="y">1995</subfield>
      <subfield code="s">Mod. Phys. Lett. A 10 (1995) 1269</subfield>
    </datafield>
    <datafield tag="999" ind1="C" ind2="5">
      <subfield code="o">[17]</subfield>
    </datafield>
    <datafield tag="999" ind1="C" ind2="5">
      <subfield code="m">A. Chamblin, R. Emparan, C. V. Johnson and R. C. Myers, Phys. Rev., D60: 104026 (1999) 5070 90 110 130 150 r+ 130 230 330 50 70 90 110 130 150 r+</subfield>
    </datafield>
  </record>