
  <record>
    <datafield tag="041" ind1=" " ind2=" ">
      <subfield code="a">rus</subfield>
    </datafield>
    <datafield tag="100" ind1=" " ind2=" ">
      <subfield code="a">Пушкин, А С</subfield>
    </datafield>
    <datafield tag="245" ind1=" " ind2=" ">
      <subfield code="a">Медный всадник</subfield>
    </datafield>
    <datafield tag="520" ind1=" " ind2=" ">
      <subfield code="a">
&lt;!--HTML--&gt;На берегу пустынных волн, &lt;br /&gt;
Стоял он, дум великих полн, &lt;br /&gt;
И вдаль глядел.  Пред ним широко&lt;br /&gt;
Река неслася; бедный чёлн&lt;br /&gt;
По ней стремился одиноко. &lt;br /&gt;
По мшистым, топким берегам&lt;br /&gt;
Чернели избы здесь и там, &lt;br /&gt;
Приют убогого чухонца; &lt;br /&gt;
И лес, неведомый лучам&lt;br /&gt;
В тумане спрятанного солнца, &lt;br /&gt;
Кругом шумел.
      </subfield>
    </datafield>
    <datafield tag="909" ind1="C" ind2="0">
      <subfield code="y">1833</subfield>
    </datafield>
    <datafield tag="909" ind1="C" ind2="1">
      <subfield code="c">1990-01-27</subfield>
      <subfield code="l">00</subfield>
      <subfield code="m">2002-04-12</subfield>
      <subfield code="o">BATCH</subfield>
    </datafield>
    <datafield tag="980" ind1=" " ind2=" ">
      <subfield code="a">POETRY</subfield>
    </datafield>
  </record>