
  <record>
    <datafield tag="041" ind1=" " ind2=" ">
      <subfield code="a">gre</subfield>
    </datafield>
    <datafield tag="100" ind1=" " ind2=" ">
      <subfield code="a">Καβάφης, Κ Π</subfield>
    </datafield>
    <datafield tag="245" ind1=" " ind2=" ">
      <subfield code="a">Ιθάκη</subfield>
    </datafield>
    <datafield tag="520" ind1=" " ind2=" ">
      <subfield code="a">
&lt;!--HTML--&gt;Σα βγεις στον πηγαιμό για την Ιθάκη, &lt;br /&gt;
να εύχεσαι νάναι μακρύς ο δρόμος, &lt;br /&gt;
γεμάτος περιπέτειες, γεμάτος γνώσεις. &lt;br/&gt;
Τους Λαιστρυγόνας και τους Κύκλωπας, &lt;br /&gt;
τον θυμωμένο Ποσειδώνα μη φοβάσαι, &lt;br /&gt;
τέτοια στον δρόμο σου ποτέ σου δεν θα βρείς, &lt;br /&gt;
αν μέν' η σκέψις σου υψηλή, αν εκλεκτή&lt;br /&gt;
συγκίνησις το πνεύμα και το σώμα σου αγγίζει. &lt;br /&gt;
Τους Λαιστρυγόνας και τους Κύκλωπας, &lt;br /&gt;
τον άγριο Ποσειδώνα δεν θα συναντήσεις, &lt;br /&gt;
αν δεν τους κουβανείς μες στην ψυχή σου, &lt;br /&gt;
αν η ψυχή σου δεν τους στήνει εμπρός σου. &lt;br /&gt;
&lt;br&gt;
Να εύχεσαι νάναι μακρύς ο δρόμος. &lt;br /&gt;
Πολλά τα καλοκαιρινά πρωϊά να είναι&lt;br /&gt;
που με τι ευχαρίστησι, με τι χαρά&lt;br /&gt;
θα μπαίνεις σε λιμένας πρωτοειδωμένους· &lt;br /&gt;
να σταματήσεις σ' εμπορεία Φοινικικά, &lt;br /&gt;
και τες καλές πραγμάτειες ν' αποκτήσεις, &lt;br /&gt;
σεντέφια και κοράλλια, κεχριμπάρια κ' έβενους, &lt;br /&gt;
και ηδονικά μυρωδικά κάθε λογής, &lt;br /&gt;
όσο μπορείς πιο άφθονα ηδονικά μυρωδικά· &lt;br /&gt;
σε πόλεις Αιγυπτιακές πολλές να πας, &lt;br /&gt;
να μάθεις και να μάθεις απ' τους σπουδασμένους. &lt;br /&gt;
&lt;br /&gt;
Πάντα στον νου σου νάχεις την Ιθάκη. &lt;br/&gt;
Το φθάσιμον εκεί είν' ο προορισμός σου. &lt;br /&gt;
Αλλά μη βιάζεις το ταξίδι διόλου. &lt;br /&gt;
Καλλίτερα χρόνια πολλά να διαρκέσει· &lt;br /&gt;
και γέρος πια ν' αράξεις στο νησί, &lt;br /&gt;
πλούσιος με όσα κέρδισες στον δρόμο, &lt;br /&gt;
μη προσδοκώντας πλούτη να σε δώσει η Ιθάκη. &lt;br /&gt;
&lt;br /&gt;
Η Ιθάκη σ' έδωσε το ωραίο ταξίδι. &lt;br /&gt;
Χωρίς αυτήν δεν θάβγαινες στον δρόμο. &lt;br /&gt;
Αλλο δεν έχει να σε δώσει πια. &lt;br /&gt;
&lt;br /&gt;
Κι αν πτωχική την βρεις, η Ιθάκη δεν σε γέλασε. &lt;br /&gt;
Ετσι σοφός που έγινες, με τόση πείρα, &lt;br /&gt;
ήδη θα το κατάλαβες η Ιθάκες τι σημαίνουν.
      </subfield>
    </datafield>
    <datafield tag="909" ind1="C" ind2="0">
      <subfield code="y">1911</subfield>
    </datafield>
    <datafield tag="909" ind1="C" ind2="1">
      <subfield code="c">2005-03-02</subfield>
      <subfield code="l">00</subfield>
      <subfield code="m">2005-03-02</subfield>
      <subfield code="o">BATCH</subfield>
    </datafield>
    <datafield tag="980" ind1=" " ind2=" ">
      <subfield code="a">POETRY</subfield>
    </datafield>
  </record>