
  <record>
    <controlfield tag="003">SzGeCERN</controlfield>
    <datafield tag="035" ind1=" " ind2=" ">
      <subfield code="a">2345180CERCER</subfield>
    </datafield>
    <datafield tag="035" ind1=" " ind2=" ">
      <subfield code="9">SLAC</subfield>
      <subfield code="a">5278333</subfield>
    </datafield>
    <datafield tag="037" ind1=" " ind2=" ">
      <subfield code="a">hep-th/0210114</subfield>
    </datafield>
    <datafield tag="041" ind1=" " ind2=" ">
      <subfield code="a">eng</subfield>
    </datafield>
    <datafield tag="100" ind1=" " ind2=" ">
      <subfield code="a">Klebanov, Igor R</subfield>
      <subfield code="u">Princeton University</subfield>
    </datafield>
    <datafield tag="245" ind1=" " ind2=" ">
      <subfield code="a">AdS Dual of the Critical O(N) Vector Model</subfield>
    </datafield>
    <datafield tag="260" ind1=" " ind2=" ">
      <subfield code="c">2002</subfield>
    </datafield>
    <datafield tag="269" ind1=" " ind2=" ">
      <subfield code="c">11 Oct 2002</subfield>
    </datafield>
    <datafield tag="300" ind1=" " ind2=" ">
      <subfield code="a">11 p</subfield>
    </datafield>
    <datafield tag="520" ind1=" " ind2=" ">
      <subfield code="a">We suggest a general relation between theories of infinite number of higher-spin massless gauge fields in $AdS_{d+1}$ and large $N$ conformal theories in $d$ dimensions containing $N$-component vector fields. In particular, we propose that the singlet sector of the well-known critical 3-d O(N) model with the $(\phi^a \phi^a)^2$ interaction is dual, in the large $N$ limit, to the minimal bosonic theory in $AdS_4$ containing massless gauge fields of even spin.</subfield>
    </datafield>
    <datafield tag="595" ind1=" " ind2=" ">
      <subfield code="a">LANL EDS</subfield>
    </datafield>
    <datafield tag="595" ind1=" " ind2=" ">
      <subfield code="a">SIS LANLPUBL2003</subfield>
    </datafield>
    <datafield tag="595" ind1=" " ind2=" ">
      <subfield code="a">SIS:2003 PR/LKR added</subfield>
    </datafield>
    <datafield tag="650" ind1="1" ind2="7">
      <subfield code="2">SzGeCERN</subfield>
      <subfield code="a">Particle Physics - Theory</subfield>
    </datafield>
    <datafield tag="690" ind1="C" ind2=" ">
      <subfield code="a">ARTICLE</subfield>
    </datafield>
    <datafield tag="695" ind1=" " ind2=" ">
      <subfield code="9">LANL EDS</subfield>
      <subfield code="a">High Energy Physics - Theory</subfield>
    </datafield>
    <datafield tag="700" ind1=" " ind2=" ">
      <subfield code="a">Polyakov, A M</subfield>
    </datafield>
    <datafield tag="909" ind1="C" ind2="4">
      <subfield code="c">213-219</subfield>
      <subfield code="p">Phys. Lett. B</subfield>
      <subfield code="v">550</subfield>
      <subfield code="y">2002</subfield>
    </datafield>
    <datafield tag="FFT" ind1=" " ind2=" ">
      <subfield code="a">http://invenio-software.org/download/invenio-demo-site-files/0210114.pdf</subfield>
    </datafield>
    <datafield tag="FFT" ind1=" " ind2=" ">
      <subfield code="a">http://invenio-software.org/download/invenio-demo-site-files/0210114.ps.gz</subfield>
    </datafield>
    <datafield tag="859" ind1=" " ind2=" ">
      <subfield code="f">klebanov@feynman.princeton.edu</subfield>
    </datafield>
    <datafield tag="916" ind1=" " ind2=" ">
      <subfield code="s">n</subfield>
      <subfield code="w">200242</subfield>
    </datafield>
    <datafield tag="960" ind1=" " ind2=" ">
      <subfield code="a">13</subfield>
    </datafield>
    <datafield tag="961" ind1=" " ind2=" ">
      <subfield code="c">20060826</subfield>
      <subfield code="h">0012</subfield>
      <subfield code="l">CER01</subfield>
      <subfield code="x">20021014</subfield>
    </datafield>
    <datafield tag="963" ind1=" " ind2=" ">
      <subfield code="a">PUBLIC</subfield>
    </datafield>
    <datafield tag="970" ind1=" " ind2=" ">
      <subfield code="a">002345180CER</subfield>
    </datafield>
    <datafield tag="980" ind1=" " ind2=" ">
      <subfield code="a">ARTICLE</subfield>
    </datafield>
    <datafield tag="980" ind1=" " ind2=" ">
      <subfield code="a">DRAFT</subfield>
    </datafield>
    <datafield tag="999" ind1="C" ind2="5">
      <subfield code="o">[1]</subfield>
      <subfield code="m">G.’t Hooft, "A planar diagram theory for strong interactions,"</subfield>
      <subfield code="s">Nucl. Phys. B 72 (1974) 461</subfield>
    </datafield>
    <datafield tag="999" ind1="C" ind2="5">
      <subfield code="o">[2]</subfield>
      <subfield code="m">A.M. Polyakov, "String theory and quark confinement,"</subfield>
      <subfield code="s">Nucl. Phys. B, Proc. Suppl. 68 (1998) 1</subfield>
      <subfield code="r">hep-th/9711002</subfield>
    </datafield>
    <datafield tag="999" ind1="C" ind2="5">
      <subfield code="o">[2]</subfield>
      <subfield code="m">"The wall of the cave,"</subfield>
      <subfield code="r">hep-th/9809057</subfield>
    </datafield>
    <datafield tag="999" ind1="C" ind2="5">
      <subfield code="o">[3]</subfield>
      <subfield code="m">J. Maldacena, "The large N limit of superconformal field theories and supergravity,"</subfield>
      <subfield code="s">Adv. Theor. Math. Phys. 2 (1998) 231</subfield>
      <subfield code="r">hep-th/9711200</subfield>
    </datafield>
    <datafield tag="999" ind1="C" ind2="5">
      <subfield code="o">[4]</subfield>
      <subfield code="m">S. S. Gubser, I. R. Klebanov, and A. M. Polyakov, "Gauge theory correlators from non-critical string theory,"</subfield>
      <subfield code="s">Phys. Lett. B 428 (1998) 105</subfield>
      <subfield code="r">hep-th/9802109</subfield>
    </datafield>
    <datafield tag="999" ind1="C" ind2="5">
      <subfield code="o">[5]</subfield>
      <subfield code="m">E. Witten, "Anti-de Sitter space and holography,"</subfield>
      <subfield code="s">Adv. Theor. Math. Phys. 2 (1998) 253</subfield>
      <subfield code="r">hep-th/9802150</subfield>
    </datafield>
    <datafield tag="999" ind1="C" ind2="5">
      <subfield code="o">[6]</subfield>
      <subfield code="m">E. Brezin, D.J. Wallace,</subfield>
      <subfield code="s">Phys. Rev. B 7 (1973) 1976</subfield>
    </datafield>
    <datafield tag="999" ind1="C" ind2="5">
      <subfield code="o">[7]</subfield>
      <subfield code="m">K.G. Wilson and J. Kogut, "The Renormalization Group and the Epsilon Expansion,"</subfield>
      <subfield code="s">Phys. Rep. 12 (1974) 75</subfield>
    </datafield>
    <datafield tag="999" ind1="C" ind2="5">
      <subfield code="o">[8]</subfield>
      <subfield code="m">C. Fronsdal,</subfield>
      <subfield code="s">Phys. Rev. D 18 (1978) 3624</subfield>
    </datafield>
    <datafield tag="999" ind1="C" ind2="5">
      <subfield code="o">[9]</subfield>
      <subfield code="m">E. Fradkin and M. Vasiliev,</subfield>
      <subfield code="s">Phys. Lett. B 189 (1987) 89</subfield>
    </datafield>
    <datafield tag="999" ind1="C" ind2="5">
      <subfield code="o">[9]</subfield>
      <subfield code="s">Nucl. Phys. B 291 (1987) 141</subfield>
    </datafield>
    <datafield tag="999" ind1="C" ind2="5">
      <subfield code="o">[10]</subfield>
      <subfield code="m">M.A. Vasiliev, "Higher Spin Gauge Theories Star Product and AdS Space,"</subfield>
      <subfield code="r">hep-th/9910096</subfield>
    </datafield>
    <datafield tag="999" ind1="C" ind2="5">
      <subfield code="o">[11]</subfield>
      <subfield code="m">A. M. Polyakov, "Gauge fields and space-time,"</subfield>
      <subfield code="r">hep-th/0110196</subfield>
    </datafield>
    <datafield tag="999" ind1="C" ind2="5">
      <subfield code="o">[12]</subfield>
      <subfield code="m">P. Haggi-Mani and B. Sundborg, "Free Large N Supersymmetric Yang-Mills Theory Ann. Sci. a String Theory,"</subfield>
      <subfield code="r">hep-th/0002189</subfield>
    </datafield>
    <datafield tag="999" ind1="C" ind2="5">
      <subfield code="o">[12]</subfield>
      <subfield code="m">B. Sundborg, "Stringy Gravity, Interacting Tensionless Strings and Massless Higher Spins,"</subfield>
      <subfield code="r">hep-th/0103247</subfield>
    </datafield>
    <datafield tag="999" ind1="C" ind2="5">
      <subfield code="o">[13]</subfield>
      <subfield code="m">E. Witten, Talk at the John Schwarz 60-th Birthday Symposium,</subfield>
      <subfield code="u">http://theory.caltech.edu/jhs60/witten/1.html</subfield>
      <subfield code="z">http://theory.caltech.edu/jhs60/witten/1.html</subfield>
    </datafield>
    <datafield tag="999" ind1="C" ind2="5">
      <subfield code="o">[14]</subfield>
      <subfield code="m">E. Sezgin and P. Sundell, "Doubletons and 5D Higher Spin Gauge Theory,"</subfield>
      <subfield code="r">hep-th/0105001</subfield>
    </datafield>
    <datafield tag="999" ind1="C" ind2="5">
      <subfield code="o">[15]</subfield>
      <subfield code="m">A. Mikhailov, "Notes On Higher Spin Symmetries,"</subfield>
      <subfield code="r">hep-th/0201019</subfield>
    </datafield>
    <datafield tag="999" ind1="C" ind2="5">
      <subfield code="o">[16]</subfield>
      <subfield code="m">E. Sezgin and P. Sundell, "Analysis of Higher Spin Field Equations in Four Dimensions,"</subfield>
      <subfield code="r">hep-th/0205132</subfield>
    </datafield>
    <datafield tag="999" ind1="C" ind2="5">
      <subfield code="o">[16]</subfield>
      <subfield code="m">J. Engquist, E. Sezgin, P. Sundell, "On N=1,2,4 Higher Spin Gauge Theories in Four Dimensions,"</subfield>
      <subfield code="r">hep-th/0207101</subfield>
    </datafield>
    <datafield tag="999" ind1="C" ind2="5">
      <subfield code="o">[17]</subfield>
      <subfield code="m">M. Vasiliev, "Higher Spin Gauge Theories in Four, Three and Two Dimensions,"</subfield>
      <subfield code="s">Int. J. Mod. Phys. D 5 (1996) 763</subfield>
      <subfield code="r">hep-th/9611024</subfield>
    </datafield>
    <datafield tag="999" ind1="C" ind2="5">
      <subfield code="o">[18]</subfield>
      <subfield code="m">I.R. Klebanov and E. Witten, "AdS/CFT correspondence and Symmetry Breaking,"</subfield>
      <subfield code="s">Nucl. Phys. B 556 (1999) 89</subfield>
      <subfield code="r">hep-th/9905104</subfield>
    </datafield>
    <datafield tag="999" ind1="C" ind2="5">
      <subfield code="o">[19]</subfield>
      <subfield code="m">O. Aharony, M. Berkooz, E. Silverstein, "Multiple Trace Operators and Nonlocal String Theories,"</subfield>
      <subfield code="s">J. High Energy Phys. 0108 (2001) 006</subfield>
      <subfield code="r">hep-th-0105309</subfield>
    </datafield>
    <datafield tag="999" ind1="C" ind2="5">
      <subfield code="o">[20]</subfield>
      <subfield code="m">E. Witten, "Multi-Trace Operators, Boundary Conditions, And AdS/CFT Correspondence,"</subfield>
      <subfield code="r">hep-th/0112258</subfield>
    </datafield>
    <datafield tag="999" ind1="C" ind2="5">
      <subfield code="o">[21]</subfield>
      <subfield code="m">M. Berkooz, A. Sever and A. Shomer, "Double Trace Deformations, Boundary Conditions and Space-time Singularities,"</subfield>
      <subfield code="s">J. High Energy Phys. 0205 (2002) 034</subfield>
      <subfield code="r">hep-th-0112264</subfield>
    </datafield>
    <datafield tag="999" ind1="C" ind2="5">
      <subfield code="o">[22]</subfield>
      <subfield code="m">S.S. Gubser and I. Mitra, "Double-Trace Operators and One-Loop Vacuum Energy in AdS/CFT,"</subfield>
      <subfield code="r">hep-th/0210093</subfield>
    </datafield>
    <datafield tag="999" ind1="C" ind2="5">
      <subfield code="o">[23]</subfield>
      <subfield code="m">I.R. Klebanov, "Touching Random Surfaces and Liouville Gravity,"</subfield>
      <subfield code="s">Phys. Rev. D 51 (1995) 1836</subfield>
      <subfield code="r">hep-th/9407167</subfield>
    </datafield>
    <datafield tag="999" ind1="C" ind2="5">
      <subfield code="o">[23]</subfield>
      <subfield code="m">I.R. Klebanov and A. Hashimoto, "Non-Perturbative Solution of Matrix Models Modified by Trace-Squared Terms,"</subfield>
      <subfield code="s">Nucl. Phys. B 434 (1995) 264</subfield>
      <subfield code="r">hep-th/9409064</subfield>
    </datafield>
    <datafield tag="999" ind1="C" ind2="5">
      <subfield code="o">[24]</subfield>
      <subfield code="m">A.M. Polyakov, "Non-Hamiltonian Approach to Quantum Field Theory at Small Distances,"</subfield>
      <subfield code="s">Zh. Eksp. Teor. Fiz. 66 (1974) 23</subfield>
    </datafield>
    <datafield tag="999" ind1="C" ind2="5">
      <subfield code="o">[25]</subfield>
      <subfield code="m">E. D’Hoker, D. Z. Freedman, S. Mathur, A. Matusis and L. Rastelli, "Graviton exchange and complete 4-point functions in the AdS/CFT correspondence, "</subfield>
      <subfield code="r">hep-th/9903196</subfield>
    </datafield>
    <datafield tag="999" ind1="C" ind2="5">
      <subfield code="o">[26]</subfield>
      <subfield code="m">For a review with a comprehensive set of references, see E. d‘Hoker and D.Z. Freedman, "Supersymmetric Gauge Theories and the AdS/CFT Correspondence,"</subfield>
      <subfield code="r">hep-th/0201253</subfield>
    </datafield>
  </record>