
  <record>
    <datafield tag="035" ind1=" " ind2=" ">
      <subfield code="a">2292727CERCER</subfield>
    </datafield>
    <datafield tag="035" ind1=" " ind2=" ">
      <subfield code="9">SLAC</subfield>
      <subfield code="a">4828445</subfield>
    </datafield>
    <datafield tag="035" ind1=" " ind2=" ">
      <subfield code="9">UNCOVER</subfield>
      <subfield code="a">1021768628</subfield>
    </datafield>
    <datafield tag="037" ind1=" " ind2=" ">
      <subfield code="a">hep-th/0201100</subfield>
    </datafield>
    <datafield tag="041" ind1=" " ind2=" ">
      <subfield code="a">eng</subfield>
    </datafield>
    <datafield tag="088" ind1=" " ind2=" ">
      <subfield code="a">DSF-2002-2</subfield>
    </datafield>
    <datafield tag="100" ind1=" " ind2=" ">
      <subfield code="a">Mück, W</subfield>
      <subfield code="u">INFN</subfield>
      <subfield code="u">Universita di Napoli</subfield>
    </datafield>
    <datafield tag="245" ind1=" " ind2=" ">
      <subfield code="a">An improved correspondence formula for AdS/CFT with multi-trace operators</subfield>
    </datafield>
    <datafield tag="260" ind1=" " ind2=" ">
      <subfield code="c">2002</subfield>
    </datafield>
    <datafield tag="269" ind1=" " ind2=" ">
      <subfield code="a">Napoli</subfield>
      <subfield code="b">Napoli Univ.</subfield>
      <subfield code="c">15 Jan 2002</subfield>
    </datafield>
    <datafield tag="300" ind1=" " ind2=" ">
      <subfield code="a">6 p</subfield>
    </datafield>
    <datafield tag="520" ind1=" " ind2=" ">
      <subfield code="a">An improved correspondence formula is proposed for the calculation of correlation functions of a conformal field theory perturbed by multi-trace operators from the analysis of the dynamics of the dual field theory in Anti-de Sitter space. The formula reduces to the usual AdS/CFT correspondence formula in the case of single-trace perturbations.</subfield>
    </datafield>
    <datafield tag="595" ind1=" " ind2=" ">
      <subfield code="a">LANL EDS</subfield>
    </datafield>
    <datafield tag="595" ind1=" " ind2=" ">
      <subfield code="a">SIS ING2002</subfield>
    </datafield>
    <datafield tag="595" ind1=" " ind2=" ">
      <subfield code="a">SIS:2002 PR/LKR added</subfield>
    </datafield>
    <datafield tag="650" ind1="1" ind2="7">
      <subfield code="2">SzGeCERN</subfield>
      <subfield code="a">Particle Physics - Theory</subfield>
    </datafield>
    <datafield tag="690" ind1="C" ind2=" ">
      <subfield code="a">ARTICLE</subfield>
    </datafield>
    <datafield tag="695" ind1=" " ind2=" ">
      <subfield code="9">LANL EDS</subfield>
      <subfield code="a">High Energy Physics - Theory</subfield>
    </datafield>
    <datafield tag="909" ind1="C" ind2="4">
      <subfield code="c">301-304</subfield>
      <subfield code="n">3-4</subfield>
      <subfield code="p">Phys. Lett. B</subfield>
      <subfield code="v">531</subfield>
      <subfield code="y">2002</subfield>
    </datafield>
    <datafield tag="FFT" ind1=" " ind2=" ">
      <subfield code="a">http://invenio-software.org/download/invenio-demo-site-files/0201100.pdf</subfield>
    </datafield>
    <datafield tag="FFT" ind1=" " ind2=" ">
      <subfield code="a">http://invenio-software.org/download/invenio-demo-site-files/0201100.ps.gz</subfield>
    </datafield>
    <datafield tag="859" ind1=" " ind2=" ">
      <subfield code="f">wolfgang.mueck@na.infn.it</subfield>
    </datafield>
    <datafield tag="916" ind1=" " ind2=" ">
      <subfield code="s">n</subfield>
      <subfield code="w">200204</subfield>
    </datafield>
    <datafield tag="960" ind1=" " ind2=" ">
      <subfield code="a">13</subfield>
    </datafield>
    <datafield tag="961" ind1=" " ind2=" ">
      <subfield code="c">20060826</subfield>
      <subfield code="h">0008</subfield>
      <subfield code="l">CER01</subfield>
      <subfield code="x">20020128</subfield>
    </datafield>
    <datafield tag="963" ind1=" " ind2=" ">
      <subfield code="a">PUBLIC</subfield>
    </datafield>
    <datafield tag="970" ind1=" " ind2=" ">
      <subfield code="a">002292727CER</subfield>
    </datafield>
    <datafield tag="980" ind1=" " ind2=" ">
      <subfield code="a">ARTICLE</subfield>
    </datafield>
    <datafield tag="999" ind1="C" ind2="5">
      <subfield code="o">[1]</subfield>
      <subfield code="m">E. Witten,</subfield>
      <subfield code="r">hep-th/0112258</subfield>
    </datafield>
    <datafield tag="999" ind1="C" ind2="5">
      <subfield code="o">[2]</subfield>
      <subfield code="m">S. S. Gubser, I. R. Klebanov and A. M. Polyakov,</subfield>
      <subfield code="s">Phys. Lett. B 428 (1998) 105</subfield>
      <subfield code="r">hep-th/9802109</subfield>
    </datafield>
    <datafield tag="999" ind1="C" ind2="5">
      <subfield code="o">[3]</subfield>
      <subfield code="m">E. Witten,</subfield>
      <subfield code="s">Adv. Theor. Math. Phys. 2 (1998) 253</subfield>
      <subfield code="r">hep-th/9802150</subfield>
    </datafield>
    <datafield tag="999" ind1="C" ind2="5">
      <subfield code="o">[4]</subfield>
      <subfield code="m">P. Breitenlohner and D. Z. Freedman,</subfield>
      <subfield code="s">Ann. Phys. (San Diego) 144 (1982) 249</subfield>
    </datafield>
    <datafield tag="999" ind1="C" ind2="5">
      <subfield code="o">[5]</subfield>
      <subfield code="m">I. R. Klebanov and E. Witten,</subfield>
      <subfield code="s">Nucl. Phys. B 556 (1999) 89</subfield>
      <subfield code="r">hep-th/9905104</subfield>
    </datafield>
    <datafield tag="999" ind1="C" ind2="5">
      <subfield code="o">[6]</subfield>
      <subfield code="m">W. Mück and K. S. Viswanathan,</subfield>
      <subfield code="s">Phys. Rev. D 60 (1999) 081901</subfield>
      <subfield code="r">hep-th/9906155</subfield>
    </datafield>
    <datafield tag="999" ind1="C" ind2="5">
      <subfield code="o">[7]</subfield>
      <subfield code="m">W. Mück,</subfield>
      <subfield code="s">Nucl. Phys. B 620 (2002) 477</subfield>
      <subfield code="r">hep-th/0105270</subfield>
    </datafield>
    <datafield tag="999" ind1="C" ind2="5">
      <subfield code="o">[8]</subfield>
      <subfield code="m">M. Bianchi, D. Z. Freedman and K. Skenderis,</subfield>
      <subfield code="s">J. High Energy Phys. 08 (2001) 041</subfield>
      <subfield code="r">hep-th/0105276</subfield>
    </datafield>
  </record>