
  <record>
    <controlfield tag="003">SzGeCERN</controlfield>
    <datafield tag="035" ind1=" " ind2=" ">
      <subfield code="a">2307939CERCER</subfield>
    </datafield>
    <datafield tag="035" ind1=" " ind2=" ">
      <subfield code="9">SLAC</subfield>
      <subfield code="a">4923022</subfield>
    </datafield>
    <datafield tag="037" ind1=" " ind2=" ">
      <subfield code="a">hep-th/0205061</subfield>
    </datafield>
    <datafield tag="041" ind1=" " ind2=" ">
      <subfield code="a">eng</subfield>
    </datafield>
    <datafield tag="088" ind1=" " ind2=" ">
      <subfield code="a">DSF-2002-11</subfield>
    </datafield>
    <datafield tag="088" ind1=" " ind2=" ">
      <subfield code="a">QMUL-PH-2002-11</subfield>
    </datafield>
    <datafield tag="100" ind1=" " ind2=" ">
      <subfield code="a">Martelli, D</subfield>
      <subfield code="u">University of London</subfield>
    </datafield>
    <datafield tag="245" ind1=" " ind2=" ">
      <subfield code="a">Holographic Renormalization and Ward Identities with the Hamilton-Jacobi Method</subfield>
    </datafield>
    <datafield tag="260" ind1=" " ind2=" ">
      <subfield code="c">2003</subfield>
    </datafield>
    <datafield tag="269" ind1=" " ind2=" ">
      <subfield code="a">Napoli</subfield>
      <subfield code="b">Napoli Univ.</subfield>
      <subfield code="c">7 May 2002</subfield>
    </datafield>
    <datafield tag="300" ind1=" " ind2=" ">
      <subfield code="a">31 p</subfield>
    </datafield>
    <datafield tag="520" ind1=" " ind2=" ">
      <subfield code="a">A systematic procedure for performing holographic renormalization, which makes use of the Hamilton-Jacobi method, is proposed and applied to a bulk theory of gravity interacting with a scalar field and a U(1) gauge field in the Stueckelberg formalism. We describe how the power divergences are obtained as solutions of a set of "descent equations" stemming from the radial Hamiltonian constraint of the theory. In addition, we isolate the logarithmic divergences, which are closely related to anomalies. The method allows to determine also the exact one-point functions of the dual field theory. Using the other Hamiltonian constraints of the bulk theory, we derive the Ward identities for diffeomorphisms and gauge invariance. In particular, we demonstrate the breaking of U(1)_R current conservation, recovering the holographic chiral anomaly recently discussed in hep-th/0112119 and hep-th/0202056.</subfield>
    </datafield>
    <datafield tag="595" ind1=" " ind2=" ">
      <subfield code="a">LANL EDS</subfield>
    </datafield>
    <datafield tag="595" ind1=" " ind2=" ">
      <subfield code="a">SIS LANLPUBL2004</subfield>
    </datafield>
    <datafield tag="595" ind1=" " ind2=" ">
      <subfield code="a">SIS:2004 PR/LKR added</subfield>
    </datafield>
    <datafield tag="650" ind1="1" ind2="7">
      <subfield code="2">SzGeCERN</subfield>
      <subfield code="a">Particle Physics - Theory</subfield>
    </datafield>
    <datafield tag="690" ind1="C" ind2=" ">
      <subfield code="a">ARTICLE</subfield>
    </datafield>
    <datafield tag="695" ind1=" " ind2=" ">
      <subfield code="9">LANL EDS</subfield>
      <subfield code="a">High Energy Physics - Theory</subfield>
    </datafield>
    <datafield tag="700" ind1=" " ind2=" ">
      <subfield code="a">Mück, W</subfield>
    </datafield>
    <datafield tag="720" ind1=" " ind2=" ">
      <subfield code="a">Martelli, Dario</subfield>
    </datafield>
    <datafield tag="720" ind1=" " ind2=" ">
      <subfield code="a">Mueck, Wolfgang</subfield>
    </datafield>
    <datafield tag="909" ind1="C" ind2="4">
      <subfield code="c">248-276</subfield>
      <subfield code="p">Nucl. Phys. B</subfield>
      <subfield code="v">654</subfield>
      <subfield code="y">2003</subfield>
    </datafield>
    <datafield tag="FFT" ind1=" " ind2=" ">
      <subfield code="a">http://invenio-software.org/download/invenio-demo-site-files/0205061.pdf</subfield>
    </datafield>
    <datafield tag="FFT" ind1=" " ind2=" ">
      <subfield code="a">http://invenio-software.org/download/invenio-demo-site-files/0205061.ps.gz</subfield>
    </datafield>
    <datafield tag="859" ind1=" " ind2=" ">
      <subfield code="f">d.martelli@qmul.ac.uk</subfield>
    </datafield>
    <datafield tag="916" ind1=" " ind2=" ">
      <subfield code="s">n</subfield>
      <subfield code="w">200219</subfield>
    </datafield>
    <datafield tag="960" ind1=" " ind2=" ">
      <subfield code="a">13</subfield>
    </datafield>
    <datafield tag="961" ind1=" " ind2=" ">
      <subfield code="c">20060823</subfield>
      <subfield code="h">0005</subfield>
      <subfield code="l">CER01</subfield>
      <subfield code="x">20020508</subfield>
    </datafield>
    <datafield tag="963" ind1=" " ind2=" ">
      <subfield code="a">PUBLIC</subfield>
    </datafield>
    <datafield tag="970" ind1=" " ind2=" ">
      <subfield code="a">002307939CER</subfield>
    </datafield>
    <datafield tag="980" ind1=" " ind2=" ">
      <subfield code="a">ARTICLE</subfield>
    </datafield>
    <datafield tag="999" ind1="C" ind2="5">
      <subfield code="o">[1]</subfield>
      <subfield code="m">J. M. Maldacena,</subfield>
      <subfield code="s">Adv. Theor. Math. Phys. 2 (1998) 231</subfield>
      <subfield code="r">hep-th/9711200</subfield>
    </datafield>
    <datafield tag="999" ind1="C" ind2="5">
      <subfield code="o">[2]</subfield>
      <subfield code="m">S. S. Gubser, I. R. Klebanov and A. M. Polyakov,</subfield>
      <subfield code="s">Phys. Lett. B 428 (1998) 105</subfield>
      <subfield code="r">hep-th/9802109</subfield>
    </datafield>
    <datafield tag="999" ind1="C" ind2="5">
      <subfield code="o">[3]</subfield>
      <subfield code="m">E. Witten,</subfield>
      <subfield code="s">Adv. Theor. Math. Phys. 2 (1998) 253</subfield>
      <subfield code="r">hep-th/9802150</subfield>
    </datafield>
    <datafield tag="999" ind1="C" ind2="5">
      <subfield code="o">[4]</subfield>
      <subfield code="m">E. D’Hoker and D. Z. Freedman,</subfield>
      <subfield code="r">hep-th/0201253</subfield>
    </datafield>
    <datafield tag="999" ind1="C" ind2="5">
      <subfield code="o">[5]</subfield>
      <subfield code="m">W. Mück and K. S. Viswanathan,</subfield>
      <subfield code="s">Phys. Rev. D 58 (1998) 041901</subfield>
      <subfield code="r">hep-th/9804035</subfield>
    </datafield>
    <datafield tag="999" ind1="C" ind2="5">
      <subfield code="o">[6]</subfield>
      <subfield code="m">D. Z. Freedman, S. D. Mathur, A. Matusis and L. Rastelli,</subfield>
      <subfield code="s">Nucl. Phys. B 546 (1998) 96</subfield>
      <subfield code="r">hep-th/9812032</subfield>
    </datafield>
    <datafield tag="999" ind1="C" ind2="5">
      <subfield code="o">[7]</subfield>
      <subfield code="m">H. Liu and Astron. Astrophys. Tseytlin,</subfield>
      <subfield code="s">Nucl. Phys. B 533 (1998) 88</subfield>
      <subfield code="r">hep-th/9804083</subfield>
    </datafield>
    <datafield tag="999" ind1="C" ind2="5">
      <subfield code="o">[8]</subfield>
      <subfield code="m">M. Henningson and K. Skenderis,</subfield>
      <subfield code="s">J. High Energy Phys. 07 (1998) 023</subfield>
      <subfield code="r">hep-th/9806087</subfield>
    </datafield>
    <datafield tag="999" ind1="C" ind2="5">
      <subfield code="o">[9]</subfield>
      <subfield code="m">J. D. Brown and J. W. York,</subfield>
      <subfield code="s">Phys. Rev. D 47 (1993) 1407</subfield>
    </datafield>
    <datafield tag="999" ind1="C" ind2="5">
      <subfield code="o">[10]</subfield>
      <subfield code="m">B. Balasubramanian and P. Kraus,</subfield>
      <subfield code="s">Commun. Math. Phys. 208 (1999) 413</subfield>
      <subfield code="r">hep-th/9902121</subfield>
    </datafield>
    <datafield tag="999" ind1="C" ind2="5">
      <subfield code="o">[11]</subfield>
      <subfield code="m">R. C. Myers,</subfield>
      <subfield code="s">Phys. Rev. D 60 (1999) 046002</subfield>
      <subfield code="r">hep-th/9903203</subfield>
    </datafield>
    <datafield tag="999" ind1="C" ind2="5">
      <subfield code="o">[12]</subfield>
      <subfield code="m">R. Emparan, C. V. Johnson and R. C. Myers, Phys. Rev. D p. 104001 (1999),</subfield>
      <subfield code="r">hep-th/9903238</subfield>
    </datafield>
    <datafield tag="999" ind1="C" ind2="5">
      <subfield code="o">[13]</subfield>
      <subfield code="m">S. de Haro, K. Skenderis and S. N. Solodukhin,</subfield>
      <subfield code="s">Commun. Math. Phys. 217 (2000) 595</subfield>
      <subfield code="r">hep-th/0002230</subfield>
    </datafield>
    <datafield tag="999" ind1="C" ind2="5">
      <subfield code="o">[14]</subfield>
      <subfield code="m">M. Bianchi, D. Z. Freedman and K. Skenderis,</subfield>
      <subfield code="r">hep-th/0112119</subfield>
    </datafield>
    <datafield tag="999" ind1="C" ind2="5">
      <subfield code="o">[15]</subfield>
      <subfield code="m">M. Bianchi, D. Z. Freedman and K. Skenderis,</subfield>
      <subfield code="s">J. High Energy Phys. 08 (2001) 041</subfield>
      <subfield code="r">hep-th/0105276</subfield>
    </datafield>
    <datafield tag="999" ind1="C" ind2="5">
      <subfield code="o">[16]</subfield>
      <subfield code="m">J. de Boer, E. Verlinde and H. Verlinde,</subfield>
      <subfield code="s">J. High Energy Phys. 08 (2000) 003</subfield>
      <subfield code="r">hep-th/9912012</subfield>
    </datafield>
    <datafield tag="999" ind1="C" ind2="5">
      <subfield code="o">[17]</subfield>
      <subfield code="m">J. Kalkkinen, D. Martelli and W. Mück,</subfield>
      <subfield code="s">J. High Energy Phys. 04 (2001) 036</subfield>
      <subfield code="r">hep-th/0103111</subfield>
    </datafield>
    <datafield tag="999" ind1="C" ind2="5">
      <subfield code="o">[18]</subfield>
      <subfield code="m">S. Corley,</subfield>
      <subfield code="s">Phys. Lett. B 484 (2000) 141</subfield>
      <subfield code="r">hep-th/0004030</subfield>
    </datafield>
    <datafield tag="999" ind1="C" ind2="5">
      <subfield code="o">[19]</subfield>
      <subfield code="m">J. Kalkkinen and D. Martelli,</subfield>
      <subfield code="s">Nucl. Phys. B 596 (2001) 415</subfield>
      <subfield code="r">hep-th/0007234</subfield>
    </datafield>
    <datafield tag="999" ind1="C" ind2="5">
      <subfield code="o">[20]</subfield>
      <subfield code="m">M. Bianchi, O. DeWolfe, D. Z. Freedman and K. Pilch,</subfield>
      <subfield code="s">J. High Energy Phys. 01 (2001) 021</subfield>
      <subfield code="r">hep-th/0009156</subfield>
    </datafield>
    <datafield tag="999" ind1="C" ind2="5">
      <subfield code="o">[21]</subfield>
      <subfield code="m">I. R. Klebanov, P. Ouyang and E. Witten,</subfield>
      <subfield code="s">Phys. Rev. D 65 (2002) 105007</subfield>
      <subfield code="r">hep-th/0202056</subfield>
    </datafield>
    <datafield tag="999" ind1="C" ind2="5">
      <subfield code="o">[22]</subfield>
      <subfield code="m">C. Fefferman and C. R. Graham, in Elie Cartan et les Mathématiques d’aujour d’hui, Astérique, p. 95 (1985).</subfield>
    </datafield>
    <datafield tag="999" ind1="C" ind2="5">
      <subfield code="o">[23]</subfield>
      <subfield code="m">D. Martelli and A. Miemic,</subfield>
      <subfield code="s">J. High Energy Phys. 04 (2002) 027</subfield>
      <subfield code="r">hep-th/0112150</subfield>
    </datafield>
    <datafield tag="999" ind1="C" ind2="5">
      <subfield code="o">[24]</subfield>
      <subfield code="m">S. Ferrara and A. Zaffaroni,</subfield>
      <subfield code="r">hep-th/9908163</subfield>
    </datafield>
    <datafield tag="999" ind1="C" ind2="5">
      <subfield code="o">[25]</subfield>
      <subfield code="m">J. Parry, D. S. Salopek and J. M. Stewart,</subfield>
      <subfield code="s">Phys. Rev. D 49 (1994) 2872</subfield>
      <subfield code="r">gr-qc/9310020</subfield>
    </datafield>
    <datafield tag="999" ind1="C" ind2="5">
      <subfield code="o">[26]</subfield>
      <subfield code="m">B. Darian,</subfield>
      <subfield code="s">Class. Quantum Gravity 15 (1998) 143</subfield>
      <subfield code="r">gr-qc/9707046</subfield>
    </datafield>
    <datafield tag="999" ind1="C" ind2="5">
      <subfield code="o">[27]</subfield>
      <subfield code="m">V. L. Campos, G. Ferretti, H. Larsson, D. Martelli and B. E. W. Nilsson,</subfield>
      <subfield code="s">J. High Energy Phys. 0006 (2000) 023</subfield>
      <subfield code="r">hep-th/0003151</subfield>
    </datafield>
    <datafield tag="999" ind1="C" ind2="5">
      <subfield code="o">[28]</subfield>
      <subfield code="m">L. Girardello, M. Petrini, M. Porrati and A. Zaffaroni,</subfield>
      <subfield code="s">Nucl. Phys. B 569 (2000) 451</subfield>
      <subfield code="r">hep-th/9909047</subfield>
    </datafield>
    <datafield tag="999" ind1="C" ind2="5">
      <subfield code="o">[29]</subfield>
      <subfield code="m">W. Mück,</subfield>
      <subfield code="r">hep-th/0201100</subfield>
    </datafield>
    <datafield tag="999" ind1="C" ind2="5">
      <subfield code="o">[30]</subfield>
      <subfield code="m">W. Mück and K. S. Viswanathan,</subfield>
      <subfield code="s">Phys. Rev. D 58 (1998) 106006</subfield>
      <subfield code="r">hep-th/9805145</subfield>
    </datafield>
    <datafield tag="999" ind1="C" ind2="5">
      <subfield code="o">[31]</subfield>
      <subfield code="m">M. M. Taylor-Robinson,</subfield>
      <subfield code="r">hep-th/0002125</subfield>
    </datafield>
    <datafield tag="999" ind1="C" ind2="5">
      <subfield code="o">[32]</subfield>
      <subfield code="m">C. W. Misner, K. S. Thorne and J. A. Wheeler, Gravitation, Freeman, San Francisco (1973).</subfield>
    </datafield>
  </record>