
  <record>
    <controlfield tag="003">SzGeCERN</controlfield>
    <datafield tag="035" ind1=" " ind2=" ">
      <subfield code="a">2327507CERCER</subfield>
    </datafield>
    <datafield tag="035" ind1=" " ind2=" ">
      <subfield code="9">SLAC</subfield>
      <subfield code="a">5004500</subfield>
    </datafield>
    <datafield tag="037" ind1=" " ind2=" ">
      <subfield code="a">hep-th/0207111</subfield>
    </datafield>
    <datafield tag="041" ind1=" " ind2=" ">
      <subfield code="a">eng</subfield>
    </datafield>
    <datafield tag="088" ind1=" " ind2=" ">
      <subfield code="a">BROWN-HEP-1309</subfield>
    </datafield>
    <datafield tag="100" ind1=" " ind2=" ">
      <subfield code="a">Ramgoolam, S</subfield>
      <subfield code="u">Brown University</subfield>
    </datafield>
    <datafield tag="245" ind1=" " ind2=" ">
      <subfield code="a">Higher dimensional geometries related to fuzzy odd-dimensional spheres</subfield>
    </datafield>
    <datafield tag="260" ind1=" " ind2=" ">
      <subfield code="c">2002</subfield>
    </datafield>
    <datafield tag="269" ind1=" " ind2=" ">
      <subfield code="a">Providence, RI</subfield>
      <subfield code="b">Brown Univ.</subfield>
      <subfield code="c">11 Jul 2002</subfield>
    </datafield>
    <datafield tag="300" ind1=" " ind2=" ">
      <subfield code="a">32 p</subfield>
    </datafield>
    <datafield tag="520" ind1=" " ind2=" ">
      <subfield code="a">We study $SO(m)$ covariant Matrix realizations of $ \sum_{i=1}^{m} X_i^2 = 1 $ for even $m$ as candidate fuzzy odd spheres following hep-th/0101001. As for the fuzzy four sphere, these Matrix algebras contain more degrees of freedom than the sphere itself and the full set of variables has a geometrical description in terms of a higher dimensional coset. The fuzzy $S^{2k-1} $ is related to a higher dimensional coset $ {SO(2k) \over U(1) \times U(k-1)}$. These cosets are bundles where base and fibre are hermitian symmetric spaces. The detailed form of the generators and relations for the Matrix algebras related to the fuzzy three-spheres suggests Matrix actions which admit the fuzzy spheres as solutions. These Matrix actions are compared with the BFSS, IKKT and BMN Matrix models as well as some others. The geometry and combinatorics of fuzzy odd spheres lead to some remarks on the transverse five-brane problem of Matrix theories and the exotic scaling of the entropy of 5-branes with the brane number.</subfield>
    </datafield>
    <datafield tag="595" ind1=" " ind2=" ">
      <subfield code="a">LANL EDS</subfield>
    </datafield>
    <datafield tag="595" ind1=" " ind2=" ">
      <subfield code="a">SIS:2003 PR/LKR added</subfield>
    </datafield>
    <datafield tag="650" ind1="1" ind2="7">
      <subfield code="2">SzGeCERN</subfield>
      <subfield code="a">Particle Physics - Theory</subfield>
    </datafield>
    <datafield tag="690" ind1="C" ind2=" ">
      <subfield code="a">ARTICLE</subfield>
    </datafield>
    <datafield tag="695" ind1=" " ind2=" ">
      <subfield code="9">LANL EDS</subfield>
      <subfield code="a">High Energy Physics - Theory</subfield>
    </datafield>
    <datafield tag="720" ind1=" " ind2=" ">
      <subfield code="a">Ramgoolam, Sanjaye</subfield>
    </datafield>
    <datafield tag="909" ind1="C" ind2="4">
      <subfield code="c">064</subfield>
      <subfield code="p">J. High Energy Phys.</subfield>
      <subfield code="v">10</subfield>
      <subfield code="y">2002</subfield>
    </datafield>
    <datafield tag="FFT" ind1=" " ind2=" ">
      <subfield code="a">http://invenio-software.org/download/invenio-demo-site-files/0207111.pdf</subfield>
    </datafield>
    <datafield tag="FFT" ind1=" " ind2=" ">
      <subfield code="a">http://invenio-software.org/download/invenio-demo-site-files/0207111.ps.gz</subfield>
    </datafield>
    <datafield tag="859" ind1=" " ind2=" ">
      <subfield code="f">ramgosk@het.brown.edu</subfield>
    </datafield>
    <datafield tag="916" ind1=" " ind2=" ">
      <subfield code="s">n</subfield>
      <subfield code="w">200228</subfield>
    </datafield>
    <datafield tag="960" ind1=" " ind2=" ">
      <subfield code="a">13</subfield>
    </datafield>
    <datafield tag="961" ind1=" " ind2=" ">
      <subfield code="c">20070205</subfield>
      <subfield code="h">2036</subfield>
      <subfield code="l">CER01</subfield>
      <subfield code="x">20020712</subfield>
    </datafield>
    <datafield tag="963" ind1=" " ind2=" ">
      <subfield code="a">PUBLIC</subfield>
    </datafield>
    <datafield tag="970" ind1=" " ind2=" ">
      <subfield code="a">002327507CER</subfield>
    </datafield>
    <datafield tag="980" ind1=" " ind2=" ">
      <subfield code="a">ARTICLE</subfield>
    </datafield>
    <datafield tag="999" ind1="C" ind2="5">
      <subfield code="o">[1]</subfield>
      <subfield code="m">D. Kabat and W. Taylor, "Spherical membranes in Matrix theory,"</subfield>
      <subfield code="s">Adv. Theor. Math. Phys. 2 (1998) 181</subfield>
      <subfield code="r">hep-th/9711078</subfield>
    </datafield>
    <datafield tag="999" ind1="C" ind2="5">
      <subfield code="o">[2]</subfield>
      <subfield code="m">J.Castelino, S. Lee and W. Taylor IV, "Longitudinal Five-Branes Ann. Sci. Four Spheres in Matrix Theory,"</subfield>
      <subfield code="s">Nucl. Phys. B 526 (1998) 334</subfield>
      <subfield code="r">hep-th/9712105</subfield>
    </datafield>
    <datafield tag="999" ind1="C" ind2="5">
      <subfield code="o">[3]</subfield>
      <subfield code="m">R. Myers, "Dielectric-Branes,"</subfield>
      <subfield code="r">hep-th/9910053</subfield>
    </datafield>
    <datafield tag="999" ind1="C" ind2="5">
      <subfield code="o">[4]</subfield>
      <subfield code="m">N. Constable, R. Myers, O. Tafjord, "Non-abelian Brane intersections, "</subfield>
      <subfield code="s">J. High Energy Phys. 0106 (2001) 023</subfield>
      <subfield code="r">hep-th/0102080</subfield>
    </datafield>
    <datafield tag="999" ind1="C" ind2="5">
      <subfield code="o">[5]</subfield>
      <subfield code="m">D. Berenstein, J. Maldacena, H. Nastase "Strings in flat space and pp waves from N = 4 Super Yang Mills,"</subfield>
      <subfield code="s">J. High Energy Phys. 0204 (2002) 013</subfield>
      <subfield code="r">hep-th/0202021</subfield>
    </datafield>
    <datafield tag="999" ind1="C" ind2="5">
      <subfield code="o">[6]</subfield>
      <subfield code="m">J. Maldacena, A. Strominger, "AdS3 Black Holes and a Stringy Exclusion Principle," hep-th/980408,</subfield>
      <subfield code="s">J. High Energy Phys. 9812 (1998) 005</subfield>
    </datafield>
    <datafield tag="999" ind1="C" ind2="5">
      <subfield code="o">[7]</subfield>
      <subfield code="m">A. Jevicki, S. Ramgoolam, "Non commutative gravity from the ADS/CFT correspon-dence,"</subfield>
      <subfield code="s">J. High Energy Phys. 9904 (1999) 032</subfield>
      <subfield code="r">hep-th/9902059</subfield>
    </datafield>
    <datafield tag="999" ind1="C" ind2="5">
      <subfield code="o">[8]</subfield>
      <subfield code="m">P.M. Ho, M. Li, "Fuzzy Spheres in AdS/CFT Correspondence and Holography from Noncommutativity,"</subfield>
      <subfield code="s">Nucl. Phys. B 596 (2001) 259</subfield>
      <subfield code="r">hep-th/0004072</subfield>
    </datafield>
    <datafield tag="999" ind1="C" ind2="5">
      <subfield code="o">[9]</subfield>
      <subfield code="m">M. Berkooz, H. Verlinde "Matrix Theory, AdS/CFT and Higgs-Coulomb Equiva-lence,"</subfield>
      <subfield code="s">J. High Energy Phys. 9911 (1999) 037</subfield>
      <subfield code="r">hep-th/9907100</subfield>
    </datafield>
    <datafield tag="999" ind1="C" ind2="5">
      <subfield code="o">[10]</subfield>
      <subfield code="m">Z. Guralnik, S. Ramgoolam "On the Polarization of Unstable D0-Branes into Non-Commutative Odd Spheres,"</subfield>
      <subfield code="s">J. High Energy Phys. 0102 (2001) 032</subfield>
      <subfield code="r">hep-th/0101001</subfield>
    </datafield>
    <datafield tag="999" ind1="C" ind2="5">
      <subfield code="o">[11]</subfield>
      <subfield code="m">S. Ramgoolam, " On spherical harmonics for fuzzy spheres in diverse dimensions, "</subfield>
      <subfield code="s">Nucl. Phys. B 610 (2001) 461</subfield>
      <subfield code="r">hep-th/0105006</subfield>
    </datafield>
    <datafield tag="999" ind1="C" ind2="5">
      <subfield code="o">[12]</subfield>
      <subfield code="m">P.M. Ho, S. Ramgoolam, "Higher dimensional geometries from matrix brane construc-tions,"</subfield>
      <subfield code="s">Nucl. Phys. B 627 (2002) 266</subfield>
      <subfield code="r">hep-th/0111278</subfield>
    </datafield>
    <datafield tag="999" ind1="C" ind2="5">
      <subfield code="o">[13]</subfield>
      <subfield code="m">Y. Kimura "Noncommutative Gauge Theory on Fuzzy Four-Sphere and Matrix Model,"</subfield>
      <subfield code="r">hep-th/0204256</subfield>
    </datafield>
    <datafield tag="999" ind1="C" ind2="5">
      <subfield code="o">[14]</subfield>
      <subfield code="m">S.C Zhang, J. Hu "A Four Dimensional Generalization of the Quantum Hall Effect,"</subfield>
      <subfield code="s">Science 294 (2001) 823</subfield>
      <subfield code="r">cond-mat/0110572</subfield>
    </datafield>
    <datafield tag="999" ind1="C" ind2="5">
      <subfield code="o">[15]</subfield>
      <subfield code="m">M. Fabinger, "Higher-Dimensional Quantum Hall Effect in String Theory,"</subfield>
      <subfield code="s">J. High Energy Phys. 0205 (2002) 037</subfield>
      <subfield code="r">hep-th/0201016</subfield>
    </datafield>
    <datafield tag="999" ind1="C" ind2="5">
      <subfield code="o">[16]</subfield>
      <subfield code="m">A.P. Balachandran "Quantum Spacetimes in the Year 1,"</subfield>
      <subfield code="r">hep-th/0203259</subfield>
    </datafield>
    <datafield tag="999" ind1="C" ind2="5">
      <subfield code="o">[17]</subfield>
      <subfield code="m">A. Salam, J. Strathdee, "On Kaluza-Klein Theory," Ann. Phys. 141, 1982, 216</subfield>
    </datafield>
    <datafield tag="999" ind1="C" ind2="5">
      <subfield code="o">[18]</subfield>
      <subfield code="m">N.L. Wallach, "Harmonic Analysis on homogeneous spaces," M. Drekker Inc. NY 1973</subfield>
    </datafield>
    <datafield tag="999" ind1="C" ind2="5">
      <subfield code="o">[19]</subfield>
      <subfield code="m">Y. Kazama, H. Suzuki, "New N = 2 superconformal field theories and superstring compactification"</subfield>
      <subfield code="s">Nucl. Phys. B 321 (1989) 232</subfield>
    </datafield>
    <datafield tag="999" ind1="C" ind2="5">
      <subfield code="o">[20]</subfield>
      <subfield code="m">M. Kramer, " Some remarks suggesting an interesting theory of harmonic functions on SU(2n + 1)/Sp(n) and SO(2n + 1)/U(n)," Arch. Math. 33 ( 1979/80), 76-79.</subfield>
    </datafield>
    <datafield tag="999" ind1="C" ind2="5">
      <subfield code="o">[21]</subfield>
      <subfield code="m">P.M. Ho, "Fuzzy sphere from Matrix model,"</subfield>
      <subfield code="s">J. High Energy Phys. 0012 (2000) 015</subfield>
      <subfield code="r">hep-th/0110165</subfield>
    </datafield>
    <datafield tag="999" ind1="C" ind2="5">
      <subfield code="o">[22]</subfield>
      <subfield code="m">T. Banks, W. Fischler, S. Shenker, L. Susskind, "M-Theory Ann. Sci. a Matrix model A conjecture,"</subfield>
      <subfield code="s">Phys. Rev. D 55 (1997) 5112</subfield>
      <subfield code="r">hep-th/9610043</subfield>
    </datafield>
    <datafield tag="999" ind1="C" ind2="5">
      <subfield code="o">[23]</subfield>
      <subfield code="m">N. Ishibashi, H. Kawai, Y. Kitazawa, A. Tsuchiya, " A large-N reduced model Ann. Sci. Superstring, "</subfield>
      <subfield code="s">Nucl. Phys. B 498 (1997) 467</subfield>
    </datafield>
    <datafield tag="999" ind1="C" ind2="5">
      <subfield code="o">[24]</subfield>
      <subfield code="m">V. Periwal, "Matrices on a point Ann. Sci. the theory of everything,"</subfield>
      <subfield code="s">Phys. Rev. D 55 (1997) 1711</subfield>
    </datafield>
    <datafield tag="999" ind1="C" ind2="5">
      <subfield code="o">[25]</subfield>
      <subfield code="m">S. Chaudhuri, "Bosonic Matrix Theory and D-branes,"</subfield>
      <subfield code="r">hep-th/0205306</subfield>
    </datafield>
    <datafield tag="999" ind1="C" ind2="5">
      <subfield code="o">[26]</subfield>
      <subfield code="m">M. Bagnoud, L. Carlevaro, A. Bilal, "Supermatrix models for M-theory based on osp(1—32,R),"</subfield>
      <subfield code="r">hep-th/0201183</subfield>
    </datafield>
    <datafield tag="999" ind1="C" ind2="5">
      <subfield code="o">[27]</subfield>
      <subfield code="m">L. Smolin, "M theory Ann. Sci. a matrix extension of Chern Simons theory,"</subfield>
      <subfield code="s">Nucl. Phys. B 591 (2000) 227</subfield>
      <subfield code="r">hep-th/0002009</subfield>
    </datafield>
    <datafield tag="999" ind1="C" ind2="5">
      <subfield code="o">[28]</subfield>
      <subfield code="m">I. Bandos, J. Lukierski, "New superparticle models outside the HLS suersymmetry scheme,"</subfield>
      <subfield code="r">hep-th/9812074</subfield>
    </datafield>
    <datafield tag="999" ind1="C" ind2="5">
      <subfield code="o">[29]</subfield>
      <subfield code="m">S.Iso, Y.Kimura, K.Tanaka, K. Wakatsuki, "Noncommutative Gauge Theory on Fuzzy Sphere from Matrix Model,"</subfield>
      <subfield code="r">hep-th/0101102</subfield>
    </datafield>
    <datafield tag="999" ind1="C" ind2="5">
      <subfield code="o">[30]</subfield>
      <subfield code="m">W. Fulton and G. Harris, "Representation theory," Springer Verlag 1991.</subfield>
    </datafield>
    <datafield tag="999" ind1="C" ind2="5">
      <subfield code="o">[31]</subfield>
      <subfield code="m">M. Atiyah and E. Witten, "M-Theory Dynamics On A Manifold Of G2 Holonomy,"</subfield>
      <subfield code="r">hep-th/0107177</subfield>
    </datafield>
    <datafield tag="999" ind1="C" ind2="5">
      <subfield code="o">[32]</subfield>
      <subfield code="m">S. Ramgoolam, D. Waldram, "Zero branes on a compact orbifold,"</subfield>
      <subfield code="s">J. High Energy Phys. 9807 (1998) 009</subfield>
      <subfield code="r">hep-th/9805191</subfield>
    </datafield>
    <datafield tag="999" ind1="C" ind2="5">
      <subfield code="o">[33]</subfield>
      <subfield code="m">Brian R. Greene, C.I. Lazaroiu, Piljin Yi " D Particles on T4 /Z(N) Orbifolds and their resolutions,"</subfield>
      <subfield code="s">Nucl. Phys. B 539 (1999) 135</subfield>
      <subfield code="r">hep-th/9807040</subfield>
    </datafield>
    <datafield tag="999" ind1="C" ind2="5">
      <subfield code="o">[34]</subfield>
      <subfield code="m">I. Klebanov, A. Tseytlin, "Entropy of Near-Extremal Black p-branes,"</subfield>
      <subfield code="s">Nucl. Phys. B 475 (1996) 164</subfield>
      <subfield code="r">hep-th/9604089</subfield>
    </datafield>
  </record>