
  <record>
    <controlfield tag="003">SzGeCERN</controlfield>
    <datafield tag="035" ind1=" " ind2=" ">
      <subfield code="a">2341644CERCER</subfield>
    </datafield>
    <datafield tag="035" ind1=" " ind2=" ">
      <subfield code="9">SLAC</subfield>
      <subfield code="a">5208424</subfield>
    </datafield>
    <datafield tag="037" ind1=" " ind2=" ">
      <subfield code="a">hep-th/0209226</subfield>
    </datafield>
    <datafield tag="041" ind1=" " ind2=" ">
      <subfield code="a">eng</subfield>
    </datafield>
    <datafield tag="088" ind1=" " ind2=" ">
      <subfield code="a">PUTP-2002-48</subfield>
    </datafield>
    <datafield tag="088" ind1=" " ind2=" ">
      <subfield code="a">SLAC-PUB-9504</subfield>
    </datafield>
    <datafield tag="088" ind1=" " ind2=" ">
      <subfield code="a">SU-ITP-2002-36</subfield>
    </datafield>
    <datafield tag="100" ind1=" " ind2=" ">
      <subfield code="a">Adams, A</subfield>
      <subfield code="u">Stanford University</subfield>
    </datafield>
    <datafield tag="245" ind1=" " ind2=" ">
      <subfield code="a">Decapitating Tadpoles</subfield>
    </datafield>
    <datafield tag="260" ind1=" " ind2=" ">
      <subfield code="c">2002</subfield>
    </datafield>
    <datafield tag="269" ind1=" " ind2=" ">
      <subfield code="a">Beijing</subfield>
      <subfield code="b">Beijing Univ. Dept. Phys.</subfield>
      <subfield code="c">26 Sep 2002</subfield>
    </datafield>
    <datafield tag="300" ind1=" " ind2=" ">
      <subfield code="a">31 p</subfield>
    </datafield>
    <datafield tag="520" ind1=" " ind2=" ">
      <subfield code="a">We argue that perturbative quantum field theory and string theory can be consistently modified in the infrared to eliminate, in a radiatively stable manner, tadpole instabilities that arise after supersymmetry breaking. This is achieved by deforming the propagators of classically massless scalar fields and the graviton so as to cancel the contribution of their zero modes. In string theory, this modification of propagators is accomplished by perturbatively deforming the world-sheet action with bi-local operators similar to those that arise in double-trace deformations of AdS/CFT. This results in a perturbatively finite and unitary S-matrix (in the case of string theory, this claim depends on standard assumptions about unitarity in covariant string diagrammatics). The S-matrix is parameterized by arbitrary scalar VEVs, which exacerbates the vacuum degeneracy problem. However, for generic values of these parameters, quantum effects produce masses for the nonzero modes of the scalars, lifting the fluctuating components of the moduli.</subfield>
    </datafield>
    <datafield tag="595" ind1=" " ind2=" ">
      <subfield code="a">LANL EDS</subfield>
    </datafield>
    <datafield tag="650" ind1="1" ind2="7">
      <subfield code="2">SzGeCERN</subfield>
      <subfield code="a">Particle Physics - Theory</subfield>
    </datafield>
    <datafield tag="690" ind1="C" ind2=" ">
      <subfield code="a">PREPRINT</subfield>
    </datafield>
    <datafield tag="695" ind1=" " ind2=" ">
      <subfield code="9">LANL EDS</subfield>
      <subfield code="a">High Energy Physics - Theory</subfield>
    </datafield>
    <datafield tag="700" ind1=" " ind2=" ">
      <subfield code="a">McGreevy, J</subfield>
    </datafield>
    <datafield tag="700" ind1=" " ind2=" ">
      <subfield code="a">Silverstein, E</subfield>
    </datafield>
    <datafield tag="720" ind1=" " ind2=" ">
      <subfield code="a">Adams, Allan</subfield>
    </datafield>
    <datafield tag="720" ind1=" " ind2=" ">
      <subfield code="a">Greevy, John Mc</subfield>
    </datafield>
    <datafield tag="720" ind1=" " ind2=" ">
      <subfield code="a">Silverstein, Eva</subfield>
    </datafield>
    <datafield tag="FFT" ind1=" " ind2=" ">
      <subfield code="a">http://invenio-software.org/download/invenio-demo-site-files/0209226.pdf</subfield>
    </datafield>
    <datafield tag="FFT" ind1=" " ind2=" ">
      <subfield code="a">http://invenio-software.org/download/invenio-demo-site-files/0209226.ps.gz</subfield>
    </datafield>
    <datafield tag="859" ind1=" " ind2=" ">
      <subfield code="f">evas@slac.stanford.edu</subfield>
    </datafield>
    <datafield tag="916" ind1=" " ind2=" ">
      <subfield code="s">n</subfield>
      <subfield code="w">200239</subfield>
    </datafield>
    <datafield tag="960" ind1=" " ind2=" ">
      <subfield code="a">11</subfield>
    </datafield>
    <datafield tag="961" ind1=" " ind2=" ">
      <subfield code="c">20060218</subfield>
      <subfield code="h">0013</subfield>
      <subfield code="l">CER01</subfield>
      <subfield code="x">20020927</subfield>
    </datafield>
    <datafield tag="963" ind1=" " ind2=" ">
      <subfield code="a">PUBLIC</subfield>
    </datafield>
    <datafield tag="970" ind1=" " ind2=" ">
      <subfield code="a">002341644CER</subfield>
    </datafield>
    <datafield tag="980" ind1=" " ind2=" ">
      <subfield code="a">PREPRINT</subfield>
    </datafield>
    <datafield tag="999" ind1="C" ind2="5">
      <subfield code="o">[1]</subfield>
      <subfield code="m">W. Fischler and L. Susskind, "Dilaton Tadpoles, String Condensates And Scale In-variance,"</subfield>
      <subfield code="s">Phys. Lett. B 171 (1986) 383</subfield>
    </datafield>
    <datafield tag="999" ind1="C" ind2="5">
      <subfield code="o">[2]</subfield>
      <subfield code="m">W. Fischler and L. Susskind, "Dilaton Tadpoles, String Condensates And Scale In-variance. 2,"</subfield>
      <subfield code="s">Phys. Lett. B 173 (1986) 262</subfield>
    </datafield>
    <datafield tag="999" ind1="C" ind2="5">
      <subfield code="o">[3]</subfield>
      <subfield code="m">C. G. Callan, C. Lovelace, C. R. Nappi and S. A. Yost, "Loop Corrections To Super-string Equations Of Motion,"</subfield>
      <subfield code="s">Nucl. Phys. B 308 (1988) 221</subfield>
    </datafield>
    <datafield tag="999" ind1="C" ind2="5">
      <subfield code="o">[4]</subfield>
      <subfield code="m">H. Ooguri and N. Sakai, "String Multiloop Corrections To Equations Of Motion,"</subfield>
      <subfield code="s">Nucl. Phys. B 312 (1989) 435</subfield>
    </datafield>
    <datafield tag="999" ind1="C" ind2="5">
      <subfield code="o">[5]</subfield>
      <subfield code="m">J. Polchinski, "Factorization Of Bosonic String Amplitudes,"</subfield>
      <subfield code="s">Nucl. Phys. B 307 (1988) 61</subfield>
    </datafield>
    <datafield tag="999" ind1="C" ind2="5">
      <subfield code="o">[6]</subfield>
      <subfield code="m">H. La and P. Nelson, "Effective Field Equations For Fermionic Strings,"</subfield>
      <subfield code="s">Nucl. Phys. B 332 (1990) 83</subfield>
    </datafield>
    <datafield tag="999" ind1="C" ind2="5">
      <subfield code="o">[7]</subfield>
      <subfield code="m">O. Aharony, M. Berkooz and E. Silverstein, "Multiple-trace operators and non-local string theories,"</subfield>
      <subfield code="s">J. High Energy Phys. 0108 (2001) 006</subfield>
      <subfield code="r">hep-th/0105309</subfield>
    </datafield>
    <datafield tag="999" ind1="C" ind2="5">
      <subfield code="o">[8]</subfield>
      <subfield code="m">O. Aharony, M. Berkooz and E. Silverstein, "Non-local string theories on AdS3 × S3 and stable non-supersymmetric backgrounds,"</subfield>
      <subfield code="s">Phys. Rev. D 65 (2002) 106007</subfield>
      <subfield code="r">hep-th/0112178</subfield>
    </datafield>
    <datafield tag="999" ind1="C" ind2="5">
      <subfield code="o">[9]</subfield>
      <subfield code="m">N. Arkani-Hamed, S. Dimopoulos, G. Dvali, G. Gabadadze, to appear.</subfield>
    </datafield>
    <datafield tag="999" ind1="C" ind2="5">
      <subfield code="o">[10]</subfield>
      <subfield code="m">E. Witten, "Strong Coupling Expansion Of Calabi-Yau Compactification,"</subfield>
      <subfield code="s">Nucl. Phys. B 471 (1996) 135</subfield>
      <subfield code="r">hep-th/9602070</subfield>
    </datafield>
    <datafield tag="999" ind1="C" ind2="5">
      <subfield code="o">[11]</subfield>
      <subfield code="m">O. Aharony and T. Banks, "Note on the Quantum Mech. of M theory,"</subfield>
      <subfield code="s">J. High Energy Phys. 9903 (1999) 016</subfield>
      <subfield code="r">hep-th/9812237</subfield>
    </datafield>
    <datafield tag="999" ind1="C" ind2="5">
      <subfield code="o">[12]</subfield>
      <subfield code="m">T. Banks, "On isolated vacua and background independence," arXiv</subfield>
      <subfield code="r">hep-th/0011255</subfield>
    </datafield>
    <datafield tag="999" ind1="C" ind2="5">
      <subfield code="o">[13]</subfield>
      <subfield code="m">R. Bousso and J. Polchinski, "Quantization of four-form fluxes and dynamical neutral-ization of the cosmological constant,"</subfield>
      <subfield code="s">J. High Energy Phys. 0006 (2000) 006</subfield>
      <subfield code="r">hep-th/0004134</subfield>
    </datafield>
    <datafield tag="999" ind1="C" ind2="5">
      <subfield code="o">[14]</subfield>
      <subfield code="m">S. B. Giddings, S. Kachru and J. Polchinski, "Hierarchies from fluxes in string com-pactifications," arXiv</subfield>
      <subfield code="r">hep-th/0105097</subfield>
    </datafield>
    <datafield tag="999" ind1="C" ind2="5">
      <subfield code="o">[15]</subfield>
      <subfield code="m">A. Maloney, E. Silverstein and A. Strominger, "De Sitter space in noncritical string theory," arXiv</subfield>
      <subfield code="r">hep-th/0205316</subfield>
    </datafield>
    <datafield tag="999" ind1="C" ind2="5">
      <subfield code="o">[16]</subfield>
      <subfield code="m">S. Kachru and E. Silverstein, "4d conformal theories and strings on orbifolds,"</subfield>
      <subfield code="s">Phys. Rev. Lett. 80 (1998) 4855</subfield>
      <subfield code="r">hep-th/9802183</subfield>
    </datafield>
    <datafield tag="999" ind1="C" ind2="5">
      <subfield code="o">[17]</subfield>
      <subfield code="m">A. E. Lawrence, N. Nekrasov and C. Vafa, "On conformal field theories in four di-mensions,"</subfield>
      <subfield code="s">Nucl. Phys. B 533 (1998) 199</subfield>
      <subfield code="r">hep-th/9803015</subfield>
    </datafield>
    <datafield tag="999" ind1="C" ind2="5">
      <subfield code="o">[18]</subfield>
      <subfield code="m">M. Bershadsky, Z. Kakushadze and C. Vafa, "String expansion Ann. Sci. large N expansion of gauge theories,"</subfield>
      <subfield code="s">Nucl. Phys. B 523 (1998) 59</subfield>
      <subfield code="r">hep-th/9803076</subfield>
    </datafield>
    <datafield tag="999" ind1="C" ind2="5">
      <subfield code="o">[19]</subfield>
      <subfield code="m">I. R. Klebanov and Astron. Astrophys. Tseytlin, "A non-supersymmetric large N CFT from type 0 string theory,"</subfield>
      <subfield code="s">J. High Energy Phys. 9903 (1999) 015</subfield>
      <subfield code="r">hep-th/9901101</subfield>
    </datafield>
    <datafield tag="999" ind1="C" ind2="5">
      <subfield code="o">[20]</subfield>
      <subfield code="m">E. Witten, "Multi-trace operators, boundary conditions, and AdS/CFT correspon-dence," arXiv</subfield>
      <subfield code="r">hep-th/0112258</subfield>
    </datafield>
    <datafield tag="999" ind1="C" ind2="5">
      <subfield code="o">[21]</subfield>
      <subfield code="m">M. Berkooz, A. Sever and A. Shomer, "Double-trace deformations, boundary condi-tions and spacetime singularities,"</subfield>
      <subfield code="s">J. High Energy Phys. 0205 (2002) 034</subfield>
      <subfield code="r">hep-th/0112264</subfield>
    </datafield>
    <datafield tag="999" ind1="C" ind2="5">
      <subfield code="o">[22]</subfield>
      <subfield code="m">A. Adams and E. Silverstein, "Closed string tachyons, AdS/CFT, and large N QCD,"</subfield>
      <subfield code="s">Phys. Rev. D 64 (2001) 086001</subfield>
      <subfield code="r">hep-th/0103220</subfield>
    </datafield>
    <datafield tag="999" ind1="C" ind2="5">
      <subfield code="o">[23]</subfield>
      <subfield code="m">Astron. Astrophys. Tseytlin and K. Zarembo, "Effective potential in non-supersymmetric SU(N) x SU(N) gauge theory and interactions of type 0 D3-branes,"</subfield>
      <subfield code="s">Phys. Lett. B 457 (1999) 77</subfield>
      <subfield code="r">hep-th/9902095</subfield>
    </datafield>
    <datafield tag="999" ind1="C" ind2="5">
      <subfield code="o">[24]</subfield>
      <subfield code="m">M. Strassler, to appear</subfield>
    </datafield>
    <datafield tag="999" ind1="C" ind2="5">
      <subfield code="o">[25]</subfield>
      <subfield code="m">V. Balasubramanian and P. Kraus, "A stress tensor for anti-de Sitter gravity,"</subfield>
      <subfield code="s">Commun. Math. Phys. 208 (1999) 413</subfield>
      <subfield code="r">hep-th/9902121</subfield>
    </datafield>
    <datafield tag="999" ind1="C" ind2="5">
      <subfield code="o">[26]</subfield>
      <subfield code="m">S. Thomas, in progress.</subfield>
    </datafield>
    <datafield tag="999" ind1="C" ind2="5">
      <subfield code="o">[27]</subfield>
      <subfield code="m">O. Aharony, M. Fabinger, G. T. Horowitz and E. Silverstein, "Clean time-dependent string backgrounds from bubble baths,"</subfield>
      <subfield code="s">J. High Energy Phys. 0207 (2002) 007</subfield>
      <subfield code="r">hep-th/0204158</subfield>
    </datafield>
    <datafield tag="999" ind1="C" ind2="5">
      <subfield code="o">[28]</subfield>
      <subfield code="m">G. Dvali, G. Gabadadze and M. Shifman, "Diluting cosmological constant in infinite volume extra dimensions," arXiv</subfield>
      <subfield code="r">hep-th/0202174</subfield>
    </datafield>
    <datafield tag="999" ind1="C" ind2="5">
      <subfield code="o">[29]</subfield>
      <subfield code="m">D. Friedan, "A tentative theory of large distance Physics," arXiv</subfield>
      <subfield code="r">hep-th/0204131</subfield>
    </datafield>
    <datafield tag="999" ind1="C" ind2="5">
      <subfield code="o">[30]</subfield>
      <subfield code="m">G. Dvali, G. Gabadadze and M. Shifman, "Diluting cosmological constant via large distance modification of gravity," arXiv</subfield>
      <subfield code="r">hep-th/0208096</subfield>
    </datafield>
    <datafield tag="999" ind1="C" ind2="5">
      <subfield code="o">[31]</subfield>
      <subfield code="m">J. W. Moffat, arXiv</subfield>
      <subfield code="r">hep-th/0207198</subfield>
    </datafield>
    <datafield tag="999" ind1="C" ind2="5">
      <subfield code="o">[32]</subfield>
      <subfield code="m">Astron. Astrophys. Tseytlin, "On ’Macroscopic String’ Approximation In String Theory,"</subfield>
      <subfield code="s">Phys. Lett. B 251 (1990) 530</subfield>
    </datafield>
    <datafield tag="999" ind1="C" ind2="5">
      <subfield code="o">[33]</subfield>
      <subfield code="m">B. Zwiebach, "Closed string field theory Quantum action and the B-V master equa-tion,"</subfield>
      <subfield code="s">Nucl. Phys. B 390 (1993) 33</subfield>
      <subfield code="r">hep-th/9206084</subfield>
    </datafield>
    <datafield tag="999" ind1="C" ind2="5">
      <subfield code="o">[34]</subfield>
      <subfield code="m">J. Polchinski, "String Theory. Vol. 1 An Introduction To The Bosonic String," Cam-bridge, UK Univ. Phys. Rev. (1998) 402 p.</subfield>
    </datafield>
    <datafield tag="999" ind1="C" ind2="5">
      <subfield code="o">[35]</subfield>
      <subfield code="m">S. Kachru, X. Liu, M. B. Schulz and S. P. Trivedi, "Supersymmetry changing bubbles in string theory," arXiv</subfield>
      <subfield code="r">hep-th/0205108</subfield>
    </datafield>
    <datafield tag="999" ind1="C" ind2="5">
      <subfield code="o">[36]</subfield>
      <subfield code="m">A. R. Frey and J. Polchinski, "N = 3 warped compactifications,"</subfield>
      <subfield code="s">Phys. Rev. D 65 (2002) 126009</subfield>
      <subfield code="r">hep-th/0201029</subfield>
    </datafield>
    <datafield tag="999" ind1="C" ind2="5">
      <subfield code="o">[37]</subfield>
      <subfield code="m">A. Adams, O. Aharony, J. McGreevy, E. Silverstein,..., work in progress</subfield>
    </datafield>
  </record>