
  <record>
    <controlfield tag="003">SzGeCERN</controlfield>
    <datafield tag="035" ind1=" " ind2=" ">
      <subfield code="a">2342206CERCER</subfield>
    </datafield>
    <datafield tag="035" ind1=" " ind2=" ">
      <subfield code="9">SLAC</subfield>
      <subfield code="a">5224543</subfield>
    </datafield>
    <datafield tag="037" ind1=" " ind2=" ">
      <subfield code="a">hep-th/0209257</subfield>
    </datafield>
    <datafield tag="041" ind1=" " ind2=" ">
      <subfield code="a">eng</subfield>
    </datafield>
    <datafield tag="100" ind1=" " ind2=" ">
      <subfield code="a">Berkooz, M</subfield>
      <subfield code="u">The Weizmann Inst. of Science</subfield>
    </datafield>
    <datafield tag="245" ind1=" " ind2=" ">
      <subfield code="a">Double Trace Deformations, Infinite Extra Dimensions and Supersymmetry Breaking</subfield>
    </datafield>
    <datafield tag="260" ind1=" " ind2=" ">
      <subfield code="c">2002</subfield>
    </datafield>
    <datafield tag="269" ind1=" " ind2=" ">
      <subfield code="c">29 Sep 2002</subfield>
    </datafield>
    <datafield tag="300" ind1=" " ind2=" ">
      <subfield code="a">22 p</subfield>
    </datafield>
    <datafield tag="520" ind1=" " ind2=" ">
      <subfield code="a">It was recently shown how to break supersymmetry in certain $AdS_3$ spaces, without destabilizing the background, by using a ``double trace'' deformation which localizes on the boundary of space-time. By viewing spatial sections of $AdS_3$ as a compactification space, one can convert this into a SUSY breaking mechanism which exists uniformly throughout a large 3+1 dimensional space-time, without generating any dangerous tadpoles. This is a generalization of a Visser type infinite extra dimensions compactification. Although the model is not Lorentz invariant, the dispersion relation is relativistic at high enough momenta, and it can be arranged such that at the same kinematical regime the energy difference between between former members of a SUSY multiplet is large.</subfield>
    </datafield>
    <datafield tag="595" ind1=" " ind2=" ">
      <subfield code="a">LANL EDS</subfield>
    </datafield>
    <datafield tag="650" ind1="1" ind2="7">
      <subfield code="2">SzGeCERN</subfield>
      <subfield code="a">Particle Physics - Theory</subfield>
    </datafield>
    <datafield tag="690" ind1="C" ind2=" ">
      <subfield code="a">PREPRINT</subfield>
    </datafield>
    <datafield tag="695" ind1=" " ind2=" ">
      <subfield code="9">LANL EDS</subfield>
      <subfield code="a">High Energy Physics - Theory</subfield>
    </datafield>
    <datafield tag="720" ind1=" " ind2=" ">
      <subfield code="a">Berkooz, Micha</subfield>
    </datafield>
    <datafield tag="FFT" ind1=" " ind2=" ">
      <subfield code="a">http://invenio-software.org/download/invenio-demo-site-files/0209257.pdf</subfield>
    </datafield>
    <datafield tag="FFT" ind1=" " ind2=" ">
      <subfield code="a">http://invenio-software.org/download/invenio-demo-site-files/0209257.ps.gz</subfield>
    </datafield>
    <datafield tag="859" ind1=" " ind2=" ">
      <subfield code="f">berkooz@wisemail.weizmann.ac.il</subfield>
    </datafield>
    <datafield tag="916" ind1=" " ind2=" ">
      <subfield code="s">n</subfield>
      <subfield code="w">200240</subfield>
    </datafield>
    <datafield tag="960" ind1=" " ind2=" ">
      <subfield code="a">11</subfield>
    </datafield>
    <datafield tag="961" ind1=" " ind2=" ">
      <subfield code="c">20060603</subfield>
      <subfield code="h">0013</subfield>
      <subfield code="l">CER01</subfield>
      <subfield code="x">20021001</subfield>
    </datafield>
    <datafield tag="963" ind1=" " ind2=" ">
      <subfield code="a">PUBLIC</subfield>
    </datafield>
    <datafield tag="970" ind1=" " ind2=" ">
      <subfield code="a">002342206CER</subfield>
    </datafield>
    <datafield tag="980" ind1=" " ind2=" ">
      <subfield code="a">PREPRINT</subfield>
    </datafield>
    <datafield tag="999" ind1="C" ind2="5">
      <subfield code="o">[1]</subfield>
      <subfield code="m">T. Banks, "Cosmological Breaking of Supersymmetry ? Or Little Lambda Goes Back to the Future 2.",</subfield>
      <subfield code="r">hep-th/0007146</subfield>
    </datafield>
    <datafield tag="999" ind1="C" ind2="5">
      <subfield code="o">[2]</subfield>
      <subfield code="m">J. Brown and C. Teitelboim,</subfield>
      <subfield code="s">Phys. Lett. B 195 (1987) 177</subfield>
    </datafield>
    <datafield tag="999" ind1="C" ind2="5">
      <subfield code="o">[2]</subfield>
      <subfield code="s">Nucl. Phys. B 297 (1988) 787</subfield>
    </datafield>
    <datafield tag="999" ind1="C" ind2="5">
      <subfield code="o">[2]</subfield>
      <subfield code="m">R. Bousso and J. Polchinski, "Quantization of Four-form Fluxes and Dynami-cal Neutralization of the Cosmological Constant",</subfield>
      <subfield code="s">J. High Energy Phys. 0006 (2000) 006</subfield>
      <subfield code="r">hep-th/0004134</subfield>
    </datafield>
    <datafield tag="999" ind1="C" ind2="5">
      <subfield code="o">[2]</subfield>
      <subfield code="m">J.L. Feng, J. March-Russell, S. Sethi and F. Wilczek, "Saltatory Relaxation of the Cosmological Constant",</subfield>
      <subfield code="s">Nucl. Phys. B 602 (2001) 307</subfield>
      <subfield code="r">hep-th/0005276</subfield>
    </datafield>
    <datafield tag="999" ind1="C" ind2="5">
      <subfield code="o">[3]</subfield>
      <subfield code="m">E. Witten, "Strong Coupling and the Cosmological Constant",</subfield>
      <subfield code="s">Mod. Phys. Lett. A 10 (1995) 2153</subfield>
      <subfield code="r">hep-th/9506101</subfield>
    </datafield>
    <datafield tag="999" ind1="C" ind2="5">
      <subfield code="o">[4]</subfield>
      <subfield code="m">A. Maloney, E. Silverstein and A. Strominger "de Sitter Space in Non-Critical String Theory",</subfield>
      <subfield code="r">hep-th/0205316</subfield>
    </datafield>
    <datafield tag="999" ind1="C" ind2="5">
      <subfield code="o">[4]</subfield>
      <subfield code="m">, Hawking Festschrift.</subfield>
    </datafield>
    <datafield tag="999" ind1="C" ind2="5">
      <subfield code="o">[5]</subfield>
      <subfield code="m">S. Kachru and E. Silverstein, "On Vanishing Two Loop Cosmological Constant in Nonsupersymmetric Strings",</subfield>
      <subfield code="s">J. High Energy Phys. 9901 (1999) 004</subfield>
      <subfield code="r">hep-th/9810129</subfield>
    </datafield>
    <datafield tag="999" ind1="C" ind2="5">
      <subfield code="o">[6]</subfield>
      <subfield code="m">S. Kachru, M. Schulz and E. Silverstein, "Self-tuning flat domain walls in 5d gravity and string theory",</subfield>
      <subfield code="s">Phys. Rev. D 62 (2000) 045021</subfield>
      <subfield code="r">hep-th/0001206</subfield>
    </datafield>
    <datafield tag="999" ind1="C" ind2="5">
      <subfield code="o">[7]</subfield>
      <subfield code="m">V.A. Rubakov and M.E. Shaposhnikov, "Extra Space-time Dimensions Towards a Solution to the Cosmological Constant Problem",</subfield>
      <subfield code="s">Phys. Lett. B 125 (1983) 139</subfield>
    </datafield>
    <datafield tag="999" ind1="C" ind2="5">
      <subfield code="o">[8]</subfield>
      <subfield code="m">G. Dvali, G. Gabadadze and M. Shifman, "Diluting Cosmological Constant In Infinite Volume Extra",</subfield>
      <subfield code="r">hep-th/0202174</subfield>
    </datafield>
    <datafield tag="999" ind1="C" ind2="5">
      <subfield code="o">[9]</subfield>
      <subfield code="m">G.W. Moore, "Atkin-Lehner Symmetry",</subfield>
      <subfield code="s">Nucl. Phys. B 293 (1987) 139</subfield>
    </datafield>
    <datafield tag="999" ind1="C" ind2="5">
      <subfield code="o">[9]</subfield>
      <subfield code="m">Erratum-</subfield>
      <subfield code="s">Nucl. Phys. B 299 (1988) 847</subfield>
    </datafield>
    <datafield tag="999" ind1="C" ind2="5">
      <subfield code="o">[10]</subfield>
      <subfield code="m">By K. Akama, "Pregeometry",</subfield>
      <subfield code="s">Lect. Notes Phys. 176 (1982) 267</subfield>
      <subfield code="r">hep-th/0001113</subfield>
    </datafield>
    <datafield tag="999" ind1="C" ind2="5">
      <subfield code="o">[10]</subfield>
      <subfield code="m"> Also in *Nara 1982, Proceedings, Gauge Theory and Gravitation*, 267-271.</subfield>
    </datafield>
    <datafield tag="999" ind1="C" ind2="5">
      <subfield code="o">[11]</subfield>
      <subfield code="m">M. Visser, "An Exotic Class of Kaluza-Klein Models",</subfield>
      <subfield code="s">Phys. Lett. B 159 (1985) 22</subfield>
      <subfield code="r">hep-th/9910093</subfield>
    </datafield>
    <datafield tag="999" ind1="C" ind2="5">
      <subfield code="o">[12]</subfield>
      <subfield code="m">L. Randall and R. Sundrum, "An Alternative to Compactification",</subfield>
      <subfield code="s">Phys. Rev. Lett. 83 (1999) 4690</subfield>
      <subfield code="r">hep-th/9906064</subfield>
    </datafield>
    <datafield tag="999" ind1="C" ind2="5">
      <subfield code="o">[13]</subfield>
      <subfield code="m">A. Adams and E. Silverstein, "Closed String Tachyons, AdS/CFT and Large N QCD",</subfield>
      <subfield code="s">Phys. Rev. D 64 (2001) 086001</subfield>
      <subfield code="r">hep-th/0103220</subfield>
    </datafield>
    <datafield tag="999" ind1="C" ind2="5">
      <subfield code="o">[14]</subfield>
      <subfield code="m">O. Aharony, M. Berkooz and E. Silverstein, "Multiple-Trace Operators and Non-Local String Theories",</subfield>
      <subfield code="s">J. High Energy Phys. 0108 (2001) 006</subfield>
      <subfield code="r">hep-th/0105309</subfield>
    </datafield>
    <datafield tag="999" ind1="C" ind2="5">
      <subfield code="o">[15]</subfield>
      <subfield code="m">O. Aharony, M. Berkooz and E. Silverstein, "Non-local String Theories on AdS3 × S3 and non-supersymmetric backgrounds",</subfield>
      <subfield code="s">Phys. Rev. D 65 (2002) 106007</subfield>
      <subfield code="r">hep-th/0112178</subfield>
    </datafield>
    <datafield tag="999" ind1="C" ind2="5">
      <subfield code="o">[16]</subfield>
      <subfield code="m">M. Berkooz, A. Sever and A. Shomer, "Double-trace Deformations, Boundary Condi-tions and Space-time Singularities",</subfield>
      <subfield code="s">J. High Energy Phys. 0205 (2002) 034</subfield>
      <subfield code="r">hep-th/0112264</subfield>
    </datafield>
    <datafield tag="999" ind1="C" ind2="5">
      <subfield code="o">[17]</subfield>
      <subfield code="m">E. Witten, "Multi-Trace Operators, Boundary Conditions, And AdS/CFT Correspon-dence",</subfield>
      <subfield code="r">hep-th/0112258</subfield>
    </datafield>
    <datafield tag="999" ind1="C" ind2="5">
      <subfield code="o">[18]</subfield>
      <subfield code="m">A. Sever and A. Shomer, "A Note on Multi-trace Deformations and AdS/CFT",</subfield>
      <subfield code="s">J. High Energy Phys. 0207 (2002) 027</subfield>
      <subfield code="r">hep-th/0203168</subfield>
    </datafield>
    <datafield tag="999" ind1="C" ind2="5">
      <subfield code="o">[19]</subfield>
      <subfield code="m">J. Maldacena, "The large N limit of superconformal field theories and supergravity,"</subfield>
      <subfield code="s">Adv. Theor. Math. Phys. 2 (1998) 231</subfield>
      <subfield code="r">hep-th/9711200</subfield>
    </datafield>
    <datafield tag="999" ind1="C" ind2="5">
      <subfield code="o">[19]</subfield>
      <subfield code="s">Int. J. Theor. Phys. 38 (1998) 1113</subfield>
    </datafield>
    <datafield tag="999" ind1="C" ind2="5">
      <subfield code="o">[20]</subfield>
      <subfield code="m">E. Witten, "Anti-de Sitter space and holography,"</subfield>
      <subfield code="s">Adv. Theor. Math. Phys. 2 (1998) 253</subfield>
      <subfield code="r">hep-th/9802150</subfield>
    </datafield>
    <datafield tag="999" ind1="C" ind2="5">
      <subfield code="o">[21]</subfield>
      <subfield code="m">S. S. Gubser, I. R. Klebanov and A. M. Polyakov, "Gauge theory correlators from non-critical string theory," hep-th/980210,</subfield>
      <subfield code="s">Phys. Lett. B 428 (1998) 105</subfield>
    </datafield>
    <datafield tag="999" ind1="C" ind2="5">
      <subfield code="o">[22]</subfield>
      <subfield code="m">O. Aharony, S.S. Gubser, J. Maldacena, H. Ooguri and Y. Oz, "Large N Field Theories, String Theory and Gravity",</subfield>
      <subfield code="s">Phys. Rep. 323 (2000) 183</subfield>
      <subfield code="r">hep-th/9905111</subfield>
    </datafield>
    <datafield tag="999" ind1="C" ind2="5">
      <subfield code="o">[23]</subfield>
      <subfield code="m">A. Giveon, D. Kutasov and N. Seiberg, "Comments on string theory on AdS3," he-th/9806194,</subfield>
      <subfield code="s">Adv. Theor. Math. Phys. 2 (1998) 733</subfield>
    </datafield>
    <datafield tag="999" ind1="C" ind2="5">
      <subfield code="o">[24]</subfield>
      <subfield code="m">J. Maldacena, J. Michelson and A. Strominger, "Anti-de Sitter Fragmentation",</subfield>
      <subfield code="s">J. High Energy Phys. 9902 (1999) 011</subfield>
      <subfield code="r">hep-th/9812073</subfield>
    </datafield>
    <datafield tag="999" ind1="C" ind2="5">
      <subfield code="o">[25]</subfield>
      <subfield code="m">N. Seiberg and E. Witten, "The D1/D5 System And Singular CFT",</subfield>
      <subfield code="s">J. High Energy Phys. 9904 (1999) 017</subfield>
      <subfield code="r">hep-th/9903224</subfield>
    </datafield>
    <datafield tag="999" ind1="C" ind2="5">
      <subfield code="o">[26]</subfield>
      <subfield code="m">J. Maldacena and H. Ooguri, "Strings in AdS3 and the SL(2, R) WZW Model. Part 1 The Spectrum",</subfield>
      <subfield code="s">J. Math. Phys. 42 (2001) 2929</subfield>
      <subfield code="r">hep-th/0001053</subfield>
    </datafield>
    <datafield tag="999" ind1="C" ind2="5">
      <subfield code="o">[27]</subfield>
      <subfield code="m">I. R. Klebanov and E. Witten, "AdS/CFT correspondence and Symmetry breaking,"</subfield>
      <subfield code="s">Nucl. Phys. B 556 (1999) 89</subfield>
      <subfield code="r">hep-th/9905104</subfield>
    </datafield>
    <datafield tag="999" ind1="C" ind2="5">
      <subfield code="o">[28]</subfield>
      <subfield code="m">R. Kallosh, A.D. Linde, S. Prokushkin and M. Shmakova, "Gauged Supergravities, de Sitter space and Cosmology",</subfield>
      <subfield code="s">Phys. Rev. D 65 (2002) 105016</subfield>
      <subfield code="r">hep-th/0110089</subfield>
    </datafield>
    <datafield tag="999" ind1="C" ind2="5">
      <subfield code="o">[29]</subfield>
      <subfield code="m">R. Kallosh, "Supergravity, M-Theory and Cosmology",</subfield>
      <subfield code="r">hep-th/0205315</subfield>
    </datafield>
    <datafield tag="999" ind1="C" ind2="5">
      <subfield code="o">[30]</subfield>
      <subfield code="m">R. Kallosh, A.D. Linde, S. Prokushkin and M. Shmakova, "Supergravity, Dark Energy and the Fate of the Universe",</subfield>
      <subfield code="r">hep-th/0208156</subfield>
    </datafield>
    <datafield tag="999" ind1="C" ind2="5">
      <subfield code="o">[31]</subfield>
      <subfield code="m">C.M. Hull and N.P. Warner, "Non-compact Gauging from Higher Dimensions",</subfield>
      <subfield code="s">Class. Quantum Gravity 5 (1988) 1517</subfield>
    </datafield>
    <datafield tag="999" ind1="C" ind2="5">
      <subfield code="o">[32]</subfield>
      <subfield code="m">P. Kraus and E.T. Tomboulis "Title Photons and Gravitons Ann. Sci. Goldstone Bosons, and the Cosmological Constant",</subfield>
      <subfield code="s">Phys. Rev. D 66 (2002) 045015</subfield>
      <subfield code="r">hep-th/0203221</subfield>
    </datafield>
    <datafield tag="999" ind1="C" ind2="5">
      <subfield code="o">[33]</subfield>
      <subfield code="m">M. Berkooz and S.-J. Rey, "Non-Supersymmetric Stable Vacua of M-Theory",</subfield>
      <subfield code="s">J. High Energy Phys. 9901 (1999) 014</subfield>
      <subfield code="r">hep-th/9807200</subfield>
    </datafield>
    <datafield tag="999" ind1="C" ind2="5">
      <subfield code="o">[34]</subfield>
      <subfield code="m">A. Adams, J. McGreevy and E. Silverstein, "Decapitating Tadpoles",</subfield>
      <subfield code="r">hep-th/0209226</subfield>
    </datafield>
    <datafield tag="999" ind1="C" ind2="5">
      <subfield code="o">[35]</subfield>
      <subfield code="m">N. Arkani-Hamed, S. Dimopoulos, G. Dvali and G. Gabadadze, "Non-Local Modifi-cation of Gravity and the Cosmological Constant Problem",</subfield>
      <subfield code="r">hep-th/0209227</subfield>
    </datafield>
    <datafield tag="999" ind1="C" ind2="5">
      <subfield code="o">[36]</subfield>
      <subfield code="m">V. Balasubramanian, P. Kraus and A. Lawrence "Bulk vs. Boundary Dynamics in Anti-de Sitter Space-time"</subfield>
      <subfield code="s">Phys. Rev. D 59 (1999) 046003</subfield>
      <subfield code="r">hep-th/9805171</subfield>
    </datafield>
    <datafield tag="999" ind1="C" ind2="5">
      <subfield code="o">[37]</subfield>
      <subfield code="m">H. Verlinde, "Holography and Compactification",</subfield>
      <subfield code="s">Nucl. Phys. B 580 (2000) 264</subfield>
      <subfield code="r">hep-th/9906182</subfield>
    </datafield>
    <datafield tag="999" ind1="C" ind2="5">
      <subfield code="o">[38]</subfield>
      <subfield code="m">S.B. Giddings, S. Kachru and J. Polchinski, "Hierarchies from Fluxes in String Com-pactifications",</subfield>
      <subfield code="r">hep-th/0105097</subfield>
    </datafield>
    <datafield tag="999" ind1="C" ind2="5">
      <subfield code="o">[39]</subfield>
      <subfield code="m">G. Dvali, G. Gabadadze and M. Shifman, "Diluting Cosmological Constant via Large Distance Modification of Gravity"</subfield>
      <subfield code="r">hep-th/0208096</subfield>
    </datafield>
    <datafield tag="999" ind1="C" ind2="5">
      <subfield code="o">[40]</subfield>
      <subfield code="m">D. Gepner, "Lectures on N=2 String Theory", In Superstrings 89, The Trieste Spring School, 1989.</subfield>
    </datafield>
    <datafield tag="999" ind1="C" ind2="5">
      <subfield code="o">[41]</subfield>
      <subfield code="m">R.G. Leigh, "Dirac-Born-Infeld Action from Dirichlet SIGMA, Symmetry Integrability Geom. Methods Appl. Model",</subfield>
      <subfield code="s">Mod. Phys. Lett. A 4 (1989) 2767</subfield>
    </datafield>
    <datafield tag="999" ind1="C" ind2="5">
      <subfield code="o">[42]</subfield>
      <subfield code="m">J. Bagger and A. Galperin "Linear and Non-linear Supersymmetries",</subfield>
      <subfield code="r">hep-th/9810109</subfield>
    </datafield>
    <datafield tag="999" ind1="C" ind2="5">
      <subfield code="o">[42]</subfield>
      <subfield code="m">, *Dubna 1997, Supersymmetries and quantum symmetries* 3-20.</subfield>
    </datafield>
    <datafield tag="999" ind1="C" ind2="5">
      <subfield code="o">[43]</subfield>
      <subfield code="m">A, Giveon and M. Rocek, "Supersymmetric String Vacua on AdS3 × N ",</subfield>
      <subfield code="r">hep-th/9904024</subfield>
    </datafield>
    <datafield tag="999" ind1="C" ind2="5">
      <subfield code="o">[44]</subfield>
      <subfield code="m">E.J. Martinec and W. McElgin, "String Theory on AdS Orbifolds"</subfield>
      <subfield code="s">J. High Energy Phys. 0204 (2002) 029</subfield>
      <subfield code="r">hep-th/0106171</subfield>
    </datafield>
    <datafield tag="999" ind1="C" ind2="5">
      <subfield code="o">[45]</subfield>
      <subfield code="m">E.J. Martinec and W. McElgin, "Exciting AdS Orbifolds",</subfield>
      <subfield code="r">hep-th/0206175</subfield>
    </datafield>
    <datafield tag="999" ind1="C" ind2="5">
      <subfield code="o">[46]</subfield>
      <subfield code="m">V. Balasubramanian, J. de Boer, E. Keski-Vakkuri and S.F. Ross, "Supersymmetric Conical Defects",</subfield>
      <subfield code="s">Phys. Rev. D 64 (2001) 064011</subfield>
      <subfield code="r">hep-th/0011217</subfield>
    </datafield>
  </record>