
  <record>
    <controlfield tag="003">SzGeCERN</controlfield>
    <datafield tag="035" ind1=" " ind2=" ">
      <subfield code="9">CERCER</subfield>
      <subfield code="a">2344398</subfield>
    </datafield>
    <datafield tag="035" ind1=" " ind2=" ">
      <subfield code="9">SLAC</subfield>
      <subfield code="a">5256739</subfield>
    </datafield>
    <datafield tag="037" ind1=" " ind2=" ">
      <subfield code="a">hep-th/0210075</subfield>
    </datafield>
    <datafield tag="041" ind1=" " ind2=" ">
      <subfield code="a">eng</subfield>
    </datafield>
    <datafield tag="088" ind1=" " ind2=" ">
      <subfield code="a">SISSA-2002-64-EP</subfield>
    </datafield>
    <datafield tag="100" ind1=" " ind2=" ">
      <subfield code="a">Borunda, M</subfield>
      <subfield code="u">INFN</subfield>
    </datafield>
    <datafield tag="245" ind1=" " ind2=" ">
      <subfield code="a">On the quantum stability of IIB orbifolds and orientifolds with Scherk-Schwarz SUSY breaking</subfield>
    </datafield>
    <datafield tag="260" ind1=" " ind2=" ">
      <subfield code="c">2003</subfield>
    </datafield>
    <datafield tag="269" ind1=" " ind2=" ">
      <subfield code="a">Trieste</subfield>
      <subfield code="b">Scuola Int. Sup. Studi Avan.</subfield>
      <subfield code="c">8 Oct 2002</subfield>
    </datafield>
    <datafield tag="300" ind1=" " ind2=" ">
      <subfield code="a">26 p</subfield>
    </datafield>
    <datafield tag="520" ind1=" " ind2=" ">
      <subfield code="a">We study the quantum stability of Type IIB orbifold and orientifold string models in various dimensions, including Melvin backgrounds, where supersymmetry (SUSY) is broken {\it \`a la} Scherk-Schwarz (SS) by twisting periodicity conditions along a circle of radius R. In particular, we compute the R-dependence of the one-loop induced vacuum energy density $\rho(R)$, or cosmological constant. For SS twists different from Z2 we always find, for both orbifolds and orientifolds, a monotonic $\rho(R)&lt;0$, eventually driving the system to a tachyonic instability. For Z2 twists, orientifold models can have a different behavior, leading either to a runaway decompactification limit or to a negative minimum at a finite value R_0. The last possibility is obtained for a 4D chiral orientifold model where a more accurate but yet preliminary analysis seems to indicate that $R_0\to \infty$ or towards the tachyonic instability, as the dependence on the other geometric moduli is included.</subfield>
    </datafield>
    <datafield tag="595" ind1=" " ind2=" ">
      <subfield code="a">LANL EDS</subfield>
    </datafield>
    <datafield tag="595" ind1=" " ind2=" ">
      <subfield code="a">SIS LANLPUBL2003</subfield>
    </datafield>
    <datafield tag="595" ind1=" " ind2=" ">
      <subfield code="a">SIS:2003 PR/LKR added</subfield>
    </datafield>
    <datafield tag="650" ind1="1" ind2="7">
      <subfield code="2">SzGeCERN</subfield>
      <subfield code="a">Particle Physics - Theory</subfield>
    </datafield>
    <datafield tag="690" ind1="C" ind2=" ">
      <subfield code="a">ARTICLE</subfield>
    </datafield>
    <datafield tag="695" ind1=" " ind2=" ">
      <subfield code="9">LANL EDS</subfield>
      <subfield code="a">High Energy Physics - Theory</subfield>
    </datafield>
    <datafield tag="700" ind1=" " ind2=" ">
      <subfield code="a">Serone, M</subfield>
    </datafield>
    <datafield tag="700" ind1=" " ind2=" ">
      <subfield code="a">Trapletti, M</subfield>
    </datafield>
    <datafield tag="909" ind1="C" ind2="4">
      <subfield code="c">85-108</subfield>
      <subfield code="p">Nucl. Phys. B</subfield>
      <subfield code="v">653</subfield>
      <subfield code="y">2003</subfield>
    </datafield>
    <datafield tag="FFT" ind1=" " ind2=" ">
      <subfield code="a">http://invenio-software.org/download/invenio-demo-site-files/0210075.pdf</subfield>
    </datafield>
    <datafield tag="FFT" ind1=" " ind2=" ">
      <subfield code="a">http://invenio-software.org/download/invenio-demo-site-files/0210075.ps.gz</subfield>
    </datafield>
    <datafield tag="859" ind1=" " ind2=" ">
      <subfield code="f">serone@he.sissa.it</subfield>
    </datafield>
    <datafield tag="916" ind1=" " ind2=" ">
      <subfield code="s">n</subfield>
      <subfield code="w">200241</subfield>
    </datafield>
    <datafield tag="960" ind1=" " ind2=" ">
      <subfield code="a">13</subfield>
    </datafield>
    <datafield tag="961" ind1=" " ind2=" ">
      <subfield code="c">20060823</subfield>
      <subfield code="h">0006</subfield>
      <subfield code="l">CER01</subfield>
      <subfield code="x">20021009</subfield>
    </datafield>
    <datafield tag="963" ind1=" " ind2=" ">
      <subfield code="a">PUBLIC</subfield>
    </datafield>
    <datafield tag="970" ind1=" " ind2=" ">
      <subfield code="a">002344398CER</subfield>
    </datafield>
    <datafield tag="980" ind1=" " ind2=" ">
      <subfield code="a">ARTICLE</subfield>
    </datafield>
    <datafield tag="999" ind1="C" ind2="5">
      <subfield code="o">[1]</subfield>
      <subfield code="m">J. Scherk and J. H. Schwarz,</subfield>
      <subfield code="s">Phys. Lett. B 82 (1979) 60</subfield>
    </datafield>
    <datafield tag="999" ind1="C" ind2="5">
      <subfield code="o">[1]</subfield>
      <subfield code="s">Nucl. Phys. B 153 (1979) 61</subfield>
    </datafield>
    <datafield tag="999" ind1="C" ind2="5">
      <subfield code="o">[2]</subfield>
      <subfield code="m">R. Rohm,</subfield>
      <subfield code="s">Nucl. Phys. B 237 (1984) 553</subfield>
    </datafield>
    <datafield tag="999" ind1="C" ind2="5">
      <subfield code="o">[3]</subfield>
      <subfield code="m">H. Itoyama and T.R. Taylor,</subfield>
      <subfield code="s">Phys. Lett. B 186 (1987) 129</subfield>
    </datafield>
    <datafield tag="999" ind1="C" ind2="5">
      <subfield code="o">[4]</subfield>
      <subfield code="m">C. Kounnas and M. Porrati,</subfield>
      <subfield code="s">Nucl. Phys. B 310 (1988) 355</subfield>
    </datafield>
    <datafield tag="999" ind1="C" ind2="5">
      <subfield code="o">[4]</subfield>
      <subfield code="m">S. Ferrara, C. Kounnas, M. Porrati and F. Zwirner,</subfield>
      <subfield code="s">Nucl. Phys. B 318 (1989) 75</subfield>
    </datafield>
    <datafield tag="999" ind1="C" ind2="5">
      <subfield code="o">[4]</subfield>
      <subfield code="m">C. Kounnas and B. Rostand,</subfield>
      <subfield code="s">Nucl. Phys. B 341 (1990) 641</subfield>
    </datafield>
    <datafield tag="999" ind1="C" ind2="5">
      <subfield code="o">[4]</subfield>
      <subfield code="m">I. Antoniadis and C. Kounnas,</subfield>
      <subfield code="s">Phys. Lett. B 261 (1991) 369</subfield>
    </datafield>
    <datafield tag="999" ind1="C" ind2="5">
      <subfield code="o">[4]</subfield>
      <subfield code="m">E. Kiritsis and C. Kounnas,</subfield>
      <subfield code="s">Nucl. Phys. B 503 (1997) 117</subfield>
      <subfield code="r">hep-th/9703059</subfield>
    </datafield>
    <datafield tag="999" ind1="C" ind2="5">
      <subfield code="o">[5]</subfield>
      <subfield code="m">I. Antoniadis,</subfield>
      <subfield code="s">Phys. Lett. B 246 (1990) 377</subfield>
    </datafield>
    <datafield tag="999" ind1="C" ind2="5">
      <subfield code="o">[6]</subfield>
      <subfield code="m">C. A. Scrucca and M. Serone,</subfield>
      <subfield code="s">J. High Energy Phys. 0110 (2001) 017</subfield>
      <subfield code="r">hep-th/0107159</subfield>
    </datafield>
    <datafield tag="999" ind1="C" ind2="5">
      <subfield code="o">[7]</subfield>
      <subfield code="m">I. Antoniadis, E. Dudas and A. Sagnotti,</subfield>
      <subfield code="s">Nucl. Phys. B 544 (1999) 469</subfield>
      <subfield code="r">hep-th/9807011</subfield>
    </datafield>
    <datafield tag="999" ind1="C" ind2="5">
      <subfield code="o">[8]</subfield>
      <subfield code="m">I. Antoniadis, G. D’Appollonio, E. Dudas and A. Sagnotti,</subfield>
      <subfield code="s">Nucl. Phys. B 553 (1999) 133</subfield>
      <subfield code="r">hep-th/9812118</subfield>
    </datafield>
    <datafield tag="999" ind1="C" ind2="5">
      <subfield code="o">[8]</subfield>
      <subfield code="s">Nucl. Phys. B 565 (2000) 123</subfield>
      <subfield code="r">hep-th/9907184</subfield>
    </datafield>
    <datafield tag="999" ind1="C" ind2="5">
      <subfield code="o">[8]</subfield>
      <subfield code="m">I. Antoniadis, K. Benakli and A. Laugier,</subfield>
      <subfield code="r">hep-th/0111209</subfield>
    </datafield>
    <datafield tag="999" ind1="C" ind2="5">
      <subfield code="o">[9]</subfield>
      <subfield code="m">C. A. Scrucca, M. Serone and M. Trapletti,</subfield>
      <subfield code="s">Nucl. Phys. B 635 (2002) 33</subfield>
      <subfield code="r">hep-th/0203190</subfield>
    </datafield>
    <datafield tag="999" ind1="C" ind2="5">
      <subfield code="o">[10]</subfield>
      <subfield code="m">J. D. Blum and K. R. Dienes,</subfield>
      <subfield code="s">Nucl. Phys. B 516 (1998) 83</subfield>
      <subfield code="r">hep-th/9707160</subfield>
    </datafield>
    <datafield tag="999" ind1="C" ind2="5">
      <subfield code="o">[11]</subfield>
      <subfield code="m">M. Fabinger and P. Horava,</subfield>
      <subfield code="s">Nucl. Phys. B 580 (2000) 243</subfield>
      <subfield code="r">hep-th/0002073</subfield>
    </datafield>
    <datafield tag="999" ind1="C" ind2="5">
      <subfield code="o">[12]</subfield>
      <subfield code="m">P. Ginsparg and C. Vafa,</subfield>
      <subfield code="s">Nucl. Phys. B 289 (1987) 414</subfield>
    </datafield>
    <datafield tag="999" ind1="C" ind2="5">
      <subfield code="o">[13]</subfield>
      <subfield code="m">M. A. Melvin,</subfield>
      <subfield code="s">Phys. Lett. 8 (1964) 65</subfield>
    </datafield>
    <datafield tag="999" ind1="C" ind2="5">
      <subfield code="o">[13]</subfield>
      <subfield code="m">G. W. Gibbons and K. i. Maeda,</subfield>
      <subfield code="s">Nucl. Phys. B 298 (1988) 741</subfield>
    </datafield>
    <datafield tag="999" ind1="C" ind2="5">
      <subfield code="o">[13]</subfield>
      <subfield code="m">F. Dowker, J. P. Gauntlett, D. A. Kastor and J. Traschen,</subfield>
      <subfield code="s">Phys. Rev. D 49 (1994) 2909</subfield>
      <subfield code="r">hep-th/9309075</subfield>
    </datafield>
    <datafield tag="999" ind1="C" ind2="5">
      <subfield code="o">[14]</subfield>
      <subfield code="m">A. Adams, J. Polchinski and E. Silverstein,</subfield>
      <subfield code="s">J. High Energy Phys. 0110 (2001) 029</subfield>
      <subfield code="r">hep-th/0108075</subfield>
    </datafield>
    <datafield tag="999" ind1="C" ind2="5">
      <subfield code="o">[15]</subfield>
      <subfield code="m">J. R. David, M. Gutperle, M. Headrick and S. Minwalla,</subfield>
      <subfield code="s">J. High Energy Phys. 0202 (2002) 041</subfield>
      <subfield code="r">hep-th/0111212</subfield>
    </datafield>
    <datafield tag="999" ind1="C" ind2="5">
      <subfield code="o">[16]</subfield>
      <subfield code="m">T. Suyama,</subfield>
      <subfield code="s">J. High Energy Phys. 0207 (2002) 015</subfield>
      <subfield code="r">hep-th/0110077</subfield>
    </datafield>
    <datafield tag="999" ind1="C" ind2="5">
      <subfield code="o">[17]</subfield>
      <subfield code="m">C. Vafa, arXiv</subfield>
      <subfield code="r">hep-th/0111051</subfield>
    </datafield>
    <datafield tag="999" ind1="C" ind2="5">
      <subfield code="o">[18]</subfield>
      <subfield code="m">G. Aldazabal, A. Font, L. E. Ibanez and G. Violero,</subfield>
      <subfield code="s">Nucl. Phys. B 536 (1998) 29</subfield>
      <subfield code="r">hep-th/9804026</subfield>
    </datafield>
    <datafield tag="999" ind1="C" ind2="5">
      <subfield code="o">[19]</subfield>
      <subfield code="m">K. H. O’Brien and C. I. Tan,</subfield>
      <subfield code="s">Phys. Rev. D 36 (1987) 1184</subfield>
    </datafield>
    <datafield tag="999" ind1="C" ind2="5">
      <subfield code="o">[20]</subfield>
      <subfield code="m">J. Polchinski,</subfield>
      <subfield code="s">Commun. Math. Phys. 104 (1986) 37</subfield>
    </datafield>
    <datafield tag="999" ind1="C" ind2="5">
      <subfield code="o">[21]</subfield>
      <subfield code="m">D. M. Ghilencea, H. P. Nilles and S. Stieberger, arXiv</subfield>
      <subfield code="r">hep-th/0108183</subfield>
    </datafield>
    <datafield tag="999" ind1="C" ind2="5">
      <subfield code="o">[22]</subfield>
      <subfield code="m">P. Mayr and S. Stieberger,</subfield>
      <subfield code="s">Nucl. Phys. B 407 (1993) 725</subfield>
      <subfield code="r">hep-th/9303017</subfield>
    </datafield>
    <datafield tag="999" ind1="C" ind2="5">
      <subfield code="o">[23]</subfield>
      <subfield code="m">E. Alvarez,</subfield>
      <subfield code="s">Nucl. Phys. B 269 (1986) 596</subfield>
    </datafield>
    <datafield tag="999" ind1="C" ind2="5">
      <subfield code="o">[24]</subfield>
      <subfield code="m">J. G. Russo and Astron. Astrophys. Tseytlin,</subfield>
      <subfield code="s">J. High Energy Phys. 0111 (2001) 065</subfield>
      <subfield code="r">hep-th/0110107</subfield>
    </datafield>
    <datafield tag="999" ind1="C" ind2="5">
      <subfield code="o">[24]</subfield>
      <subfield code="s">Nucl. Phys. B 611 (2001) 93</subfield>
      <subfield code="r">hep-th/0104238</subfield>
    </datafield>
    <datafield tag="999" ind1="C" ind2="5">
      <subfield code="o">[24]</subfield>
      <subfield code="m">A. Dabholkar,</subfield>
      <subfield code="s">Nucl. Phys. B 639 (2002) 331</subfield>
      <subfield code="r">hep-th/0109019</subfield>
    </datafield>
    <datafield tag="999" ind1="C" ind2="5">
      <subfield code="o">[24]</subfield>
      <subfield code="m">M. Gutperle and A. Strominger,</subfield>
      <subfield code="s">J. High Energy Phys. 0106 (2001) 035</subfield>
      <subfield code="r">hep-th/0104136</subfield>
    </datafield>
    <datafield tag="999" ind1="C" ind2="5">
      <subfield code="o">[24]</subfield>
      <subfield code="m">M. S. Costa and M. Gutperle,</subfield>
      <subfield code="s">J. High Energy Phys. 0103 (2001) 027</subfield>
      <subfield code="r">hep-th/0012072</subfield>
    </datafield>
    <datafield tag="999" ind1="C" ind2="5">
      <subfield code="o">[25]</subfield>
      <subfield code="m">E. Dudas and J. Mourad,</subfield>
      <subfield code="s">Nucl. Phys. B 622 (2002) 46</subfield>
      <subfield code="r">hep-th/0110186</subfield>
    </datafield>
    <datafield tag="999" ind1="C" ind2="5">
      <subfield code="o">[25]</subfield>
      <subfield code="m">T. Takayanagi and T. Uesugi,</subfield>
      <subfield code="s">J. High Energy Phys. 0111 (2001) 036</subfield>
      <subfield code="r">hep-th/0110200</subfield>
    </datafield>
    <datafield tag="999" ind1="C" ind2="5">
      <subfield code="o">[25]</subfield>
      <subfield code="s">Phys. Lett. B 528 (2002) 156</subfield>
      <subfield code="r">hep-th/0112199</subfield>
    </datafield>
    <datafield tag="999" ind1="C" ind2="5">
      <subfield code="o">[25]</subfield>
      <subfield code="m">C. Angelantonj, E. Dudas and J. Mourad,</subfield>
      <subfield code="s">Nucl. Phys. B 637 (2002) 59</subfield>
      <subfield code="r">hep-th/0205096</subfield>
    </datafield>
    <datafield tag="999" ind1="C" ind2="5">
      <subfield code="o">[26]</subfield>
      <subfield code="m">M. Trapletti, in preparation.</subfield>
    </datafield>
    <datafield tag="999" ind1="C" ind2="5">
      <subfield code="o">[27]</subfield>
      <subfield code="m">A. Adams, J. McGreevy and E. Silverstein, arXiv</subfield>
      <subfield code="r">hep-th/0209226</subfield>
    </datafield>
    <datafield tag="999" ind1="C" ind2="5">
      <subfield code="o">[28]</subfield>
      <subfield code="m">E. Witten,</subfield>
      <subfield code="s">Nucl. Phys. B 195 (1982) 481</subfield>
    </datafield>
  </record>