
  <record>
    <controlfield tag="003">SzGeCERN</controlfield>
    <datafield tag="035" ind1=" " ind2=" ">
      <subfield code="a">2355566CERCER</subfield>
    </datafield>
    <datafield tag="035" ind1=" " ind2=" ">
      <subfield code="9">SLAC</subfield>
      <subfield code="a">5419166</subfield>
    </datafield>
    <datafield tag="037" ind1=" " ind2=" ">
      <subfield code="a">hep-th/0212138</subfield>
    </datafield>
    <datafield tag="041" ind1=" " ind2=" ">
      <subfield code="a">eng</subfield>
    </datafield>
    <datafield tag="088" ind1=" " ind2=" ">
      <subfield code="a">PUPT-2069</subfield>
    </datafield>
    <datafield tag="100" ind1=" " ind2=" ">
      <subfield code="a">Gubser, S S</subfield>
      <subfield code="u">Princeton University</subfield>
    </datafield>
    <datafield tag="245" ind1=" " ind2=" ">
      <subfield code="a">A universal result on central charges in the presence of double-trace deformations</subfield>
    </datafield>
    <datafield tag="260" ind1=" " ind2=" ">
      <subfield code="c">2003</subfield>
    </datafield>
    <datafield tag="269" ind1=" " ind2=" ">
      <subfield code="a">Princeton, NJ</subfield>
      <subfield code="b">Princeton Univ. Joseph-Henry Lab. Phys.</subfield>
      <subfield code="c">12 Dec 2002</subfield>
    </datafield>
    <datafield tag="300" ind1=" " ind2=" ">
      <subfield code="a">15 p</subfield>
    </datafield>
    <datafield tag="520" ind1=" " ind2=" ">
      <subfield code="a">We study large N conformal field theories perturbed by relevant double-trace deformations. Using the auxiliary field trick, or Hubbard-Stratonovich transformation, we show that in the infrared the theory flows to another CFT. The generating functionals of planar correlators in the ultraviolet and infrared CFT's are shown to be related by a Legendre transform. Our main result is a universal expression for the difference of the scale anomalies between the ultraviolet and infrared fixed points, which is of order 1 in the large N expansion. Our computations are entirely field theoretic, and the results are shown to agree with predictions from AdS/CFT. We also remark that a certain two-point function can be computed for all energy scales on both sides of the duality, with full agreement between the two and no scheme dependence.</subfield>
    </datafield>
    <datafield tag="595" ind1=" " ind2=" ">
      <subfield code="a">LANL EDS</subfield>
    </datafield>
    <datafield tag="595" ind1=" " ind2=" ">
      <subfield code="a">SIS LANLPUBL2004</subfield>
    </datafield>
    <datafield tag="595" ind1=" " ind2=" ">
      <subfield code="a">SIS:2004 PR/LKR added</subfield>
    </datafield>
    <datafield tag="650" ind1="1" ind2="7">
      <subfield code="2">SzGeCERN</subfield>
      <subfield code="a">Particle Physics - Theory</subfield>
    </datafield>
    <datafield tag="690" ind1="C" ind2=" ">
      <subfield code="a">ARTICLE</subfield>
    </datafield>
    <datafield tag="695" ind1=" " ind2=" ">
      <subfield code="9">LANL EDS</subfield>
      <subfield code="a">High Energy Physics - Theory</subfield>
    </datafield>
    <datafield tag="700" ind1=" " ind2=" ">
      <subfield code="a">Klebanov, Igor R</subfield>
    </datafield>
    <datafield tag="720" ind1=" " ind2=" ">
      <subfield code="a">Gubser, Steven S.</subfield>
    </datafield>
    <datafield tag="720" ind1=" " ind2=" ">
      <subfield code="a">Klebanov, Igor R.</subfield>
    </datafield>
    <datafield tag="909" ind1="C" ind2="4">
      <subfield code="c">23-36</subfield>
      <subfield code="p">Nucl. Phys. B</subfield>
      <subfield code="v">656</subfield>
      <subfield code="y">2003</subfield>
    </datafield>
    <datafield tag="FFT" ind1=" " ind2=" ">
      <subfield code="a">http://invenio-software.org/download/invenio-demo-site-files/0212138.ps.gz</subfield>
    </datafield>
    <datafield tag="FFT" ind1=" " ind2=" ">
      <subfield code="a">http://invenio-software.org/download/invenio-demo-site-files/0212138.pdf</subfield>
    </datafield>
    <datafield tag="859" ind1=" " ind2=" ">
      <subfield code="f">ssgubser@Princeton.EDU</subfield>
    </datafield>
    <datafield tag="916" ind1=" " ind2=" ">
      <subfield code="s">n</subfield>
      <subfield code="w">200250</subfield>
    </datafield>
    <datafield tag="960" ind1=" " ind2=" ">
      <subfield code="a">13</subfield>
    </datafield>
    <datafield tag="961" ind1=" " ind2=" ">
      <subfield code="c">20060823</subfield>
      <subfield code="h">0007</subfield>
      <subfield code="l">CER01</subfield>
      <subfield code="x">20021213</subfield>
    </datafield>
    <datafield tag="963" ind1=" " ind2=" ">
      <subfield code="a">PUBLIC</subfield>
    </datafield>
    <datafield tag="970" ind1=" " ind2=" ">
      <subfield code="a">002355566CER</subfield>
    </datafield>
    <datafield tag="980" ind1=" " ind2=" ">
      <subfield code="a">ARTICLE</subfield>
    </datafield>
  </record>