
  <record>
    <controlfield tag="003">SzGeCERN</controlfield>
    <datafield tag="035" ind1=" " ind2=" ">
      <subfield code="a">2356302CERCER</subfield>
    </datafield>
    <datafield tag="035" ind1=" " ind2=" ">
      <subfield code="9">SLAC</subfield>
      <subfield code="a">5423422</subfield>
    </datafield>
    <datafield tag="037" ind1=" " ind2=" ">
      <subfield code="a">hep-th/0212181</subfield>
    </datafield>
    <datafield tag="041" ind1=" " ind2=" ">
      <subfield code="a">eng</subfield>
    </datafield>
    <datafield tag="100" ind1=" " ind2=" ">
      <subfield code="a">Girardello, L</subfield>
      <subfield code="u">INFN</subfield>
      <subfield code="u">Universita di Milano-Bicocca</subfield>
    </datafield>
    <datafield tag="245" ind1=" " ind2=" ">
      <subfield code="a">3-D Interacting CFTs and Generalized Higgs Phenomenon in Higher Spin Theories on AdS</subfield>
    </datafield>
    <datafield tag="260" ind1=" " ind2=" ">
      <subfield code="c">2003</subfield>
    </datafield>
    <datafield tag="269" ind1=" " ind2=" ">
      <subfield code="c">16 Dec 2002</subfield>
    </datafield>
    <datafield tag="300" ind1=" " ind2=" ">
      <subfield code="a">8 p</subfield>
    </datafield>
    <datafield tag="520" ind1=" " ind2=" ">
      <subfield code="a">We study a duality, recently conjectured by Klebanov and Polyakov, between higher-spin theories on AdS_4 and O(N) vector models in 3-d. These theories are free in the UV and interacting in the IR. At the UV fixed point, the O(N) model has an infinite number of higher-spin conserved currents. In the IR, these currents are no longer conserved for spin s&gt;2. In this paper, we show that the dual interpretation of this fact is that all fields of spin s&gt;2 in AdS_4 become massive by a Higgs mechanism, that leaves the spin-2 field massless. We identify the Higgs field and show how it relates to the RG flow connecting the two CFTs, which is induced by a double trace deformation.</subfield>
    </datafield>
    <datafield tag="595" ind1=" " ind2=" ">
      <subfield code="a">LANL EDS</subfield>
    </datafield>
    <datafield tag="595" ind1=" " ind2=" ">
      <subfield code="a">SIS LANLPUBL2004</subfield>
    </datafield>
    <datafield tag="595" ind1=" " ind2=" ">
      <subfield code="a">SIS:2004 PR/LKR added</subfield>
    </datafield>
    <datafield tag="650" ind1="1" ind2="7">
      <subfield code="2">SzGeCERN</subfield>
      <subfield code="a">Particle Physics - Theory</subfield>
    </datafield>
    <datafield tag="690" ind1="C" ind2=" ">
      <subfield code="a">ARTICLE</subfield>
    </datafield>
    <datafield tag="695" ind1=" " ind2=" ">
      <subfield code="9">LANL EDS</subfield>
      <subfield code="a">High Energy Physics - Theory</subfield>
    </datafield>
    <datafield tag="700" ind1=" " ind2=" ">
      <subfield code="a">Porrati, Massimo</subfield>
    </datafield>
    <datafield tag="700" ind1=" " ind2=" ">
      <subfield code="a">Zaffaroni, A</subfield>
    </datafield>
    <datafield tag="909" ind1="C" ind2="4">
      <subfield code="c">289-293</subfield>
      <subfield code="p">Phys. Lett. B</subfield>
      <subfield code="v">561</subfield>
      <subfield code="y">2003</subfield>
    </datafield>
    <datafield tag="FFT" ind1=" " ind2=" ">
      <subfield code="a">http://invenio-software.org/download/invenio-demo-site-files/0212181.pdf</subfield>
    </datafield>
    <datafield tag="FFT" ind1=" " ind2=" ">
      <subfield code="a">http://invenio-software.org/download/invenio-demo-site-files/0212181.ps.gz</subfield>
    </datafield>
    <datafield tag="859" ind1=" " ind2=" ">
      <subfield code="f">alberto.zaffaroni@mib.infn.it</subfield>
    </datafield>
    <datafield tag="916" ind1=" " ind2=" ">
      <subfield code="s">n</subfield>
      <subfield code="w">200251</subfield>
    </datafield>
    <datafield tag="960" ind1=" " ind2=" ">
      <subfield code="a">13</subfield>
    </datafield>
    <datafield tag="961" ind1=" " ind2=" ">
      <subfield code="c">20060823</subfield>
      <subfield code="h">0007</subfield>
      <subfield code="l">CER01</subfield>
      <subfield code="x">20021217</subfield>
    </datafield>
    <datafield tag="963" ind1=" " ind2=" ">
      <subfield code="a">PUBLIC</subfield>
    </datafield>
    <datafield tag="970" ind1=" " ind2=" ">
      <subfield code="a">002356302CER</subfield>
    </datafield>
    <datafield tag="980" ind1=" " ind2=" ">
      <subfield code="a">ARTICLE</subfield>
    </datafield>
    <datafield tag="999" ind1="C" ind2="5">
      <subfield code="o">[1]</subfield>
      <subfield code="m">D. Francia and A. Sagnotti,</subfield>
      <subfield code="s">Phys. Lett. B 543 (2002) 303</subfield>
      <subfield code="r">hep-th/0207002</subfield>
    </datafield>
    <datafield tag="999" ind1="C" ind2="5">
      <subfield code="o">[1]</subfield>
      <subfield code="m">P. Haggi-Mani and B. Sundborg,</subfield>
      <subfield code="s">J. High Energy Phys. 0004 (2000) 031</subfield>
      <subfield code="r">hep-th/0002189</subfield>
    </datafield>
    <datafield tag="999" ind1="C" ind2="5">
      <subfield code="o">[1]</subfield>
      <subfield code="m">B. Sundborg,</subfield>
      <subfield code="s">Nucl. Phys. B, Proc. Suppl. 102 (2001) 113</subfield>
      <subfield code="r">hep-th/0103247</subfield>
    </datafield>
    <datafield tag="999" ind1="C" ind2="5">
      <subfield code="o">[1]</subfield>
      <subfield code="m">E. Sezgin and P. Sundell,</subfield>
      <subfield code="s">J. High Energy Phys. 0109 (2001) 036</subfield>
      <subfield code="r">hep-th/0105001</subfield>
    </datafield>
    <datafield tag="999" ind1="C" ind2="5">
      <subfield code="o">[1]</subfield>
      <subfield code="m">A. Mikhailov,</subfield>
      <subfield code="r">hep-th/0201019</subfield>
    </datafield>
    <datafield tag="999" ind1="C" ind2="5">
      <subfield code="o">[1]</subfield>
      <subfield code="m">E. Sezgin and P. Sundell,</subfield>
      <subfield code="s">Nucl. Phys. B 644 (2002) 303</subfield>
      <subfield code="r">hep-th/0205131</subfield>
    </datafield>
    <datafield tag="999" ind1="C" ind2="5">
      <subfield code="o">[1]</subfield>
      <subfield code="m">E. Sezgin and P. Sundell,</subfield>
      <subfield code="s">J. High Energy Phys. 0207 (2002) 055</subfield>
      <subfield code="r">hep-th/0205132</subfield>
    </datafield>
    <datafield tag="999" ind1="C" ind2="5">
      <subfield code="o">[1]</subfield>
      <subfield code="m">J. Engquist, E. Sezgin and P. Sundell,</subfield>
      <subfield code="s">Class. Quantum Gravity 19 (2002) 6175</subfield>
      <subfield code="r">hep-th/0207101</subfield>
    </datafield>
    <datafield tag="999" ind1="C" ind2="5">
      <subfield code="o">[1]</subfield>
      <subfield code="m">M. A. Vasiliev,</subfield>
      <subfield code="s">Int. J. Mod. Phys. D 5 (1996) 763</subfield>
      <subfield code="r">hep-th/9611024</subfield>
    </datafield>
    <datafield tag="999" ind1="C" ind2="5">
      <subfield code="o">[1]</subfield>
      <subfield code="m">D. Anselmi,</subfield>
      <subfield code="s">Nucl. Phys. B 541 (1999) 323</subfield>
      <subfield code="r">hep-th/9808004</subfield>
    </datafield>
    <datafield tag="999" ind1="C" ind2="5">
      <subfield code="o">[1]</subfield>
      <subfield code="m">D. Anselmi,</subfield>
      <subfield code="s">Class. Quantum Gravity 17 (2000) 1383</subfield>
      <subfield code="r">hep-th/9906167</subfield>
    </datafield>
    <datafield tag="999" ind1="C" ind2="5">
      <subfield code="o">[2]</subfield>
      <subfield code="m">E. S. Fradkin and M. A. Vasiliev,</subfield>
      <subfield code="s">Nucl. Phys. B 291 (1987) 141</subfield>
    </datafield>
    <datafield tag="999" ind1="C" ind2="5">
      <subfield code="o">[2]</subfield>
      <subfield code="m">E. S. Fradkin and M. A. Vasiliev,</subfield>
      <subfield code="s">Phys. Lett. B 189 (1987) 89</subfield>
    </datafield>
    <datafield tag="999" ind1="C" ind2="5">
      <subfield code="o">[3]</subfield>
      <subfield code="m">I. R. Klebanov and A. M. Polyakov,</subfield>
      <subfield code="s">Phys. Lett. B 550 (2002) 213</subfield>
      <subfield code="r">hep-th/0210114</subfield>
    </datafield>
    <datafield tag="999" ind1="C" ind2="5">
      <subfield code="o">[4]</subfield>
      <subfield code="m">M. A. Vasiliev,</subfield>
      <subfield code="r">hep-th/9910096</subfield>
    </datafield>
    <datafield tag="999" ind1="C" ind2="5">
      <subfield code="o">[5]</subfield>
      <subfield code="m">T. Leonhardt, A. Meziane and W. Ruhl,</subfield>
      <subfield code="r">hep-th/0211092</subfield>
    </datafield>
    <datafield tag="999" ind1="C" ind2="5">
      <subfield code="o">[6]</subfield>
      <subfield code="m">O. Aharony, M. Berkooz and E. Silverstein,</subfield>
      <subfield code="s">J. High Energy Phys. 0108 (2001) 006</subfield>
      <subfield code="r">hep-th/0105309</subfield>
    </datafield>
    <datafield tag="999" ind1="C" ind2="5">
      <subfield code="o">[7]</subfield>
      <subfield code="m">E. Witten,</subfield>
      <subfield code="r">hep-th/0112258</subfield>
    </datafield>
    <datafield tag="999" ind1="C" ind2="5">
      <subfield code="o">[8]</subfield>
      <subfield code="m">M. Berkooz, A. Sever and A. Shomer</subfield>
      <subfield code="s">J. High Energy Phys. 0205 (2002) 034</subfield>
      <subfield code="r">hep-th/0112264</subfield>
    </datafield>
    <datafield tag="999" ind1="C" ind2="5">
      <subfield code="o">[9]</subfield>
      <subfield code="m">S. S. Gubser and I. Mitra,</subfield>
      <subfield code="r">hep-th/0210093</subfield>
    </datafield>
    <datafield tag="999" ind1="C" ind2="5">
      <subfield code="o">[10]</subfield>
      <subfield code="m">S. S. Gubser and I. R. Klebanov,</subfield>
      <subfield code="r">hep-th/0212138</subfield>
    </datafield>
    <datafield tag="999" ind1="C" ind2="5">
      <subfield code="o">[11]</subfield>
      <subfield code="m">M. Porrati,</subfield>
      <subfield code="s">J. High Energy Phys. 0204 (2002) 058</subfield>
      <subfield code="r">hep-th/0112166</subfield>
    </datafield>
    <datafield tag="999" ind1="C" ind2="5">
      <subfield code="o">[12]</subfield>
      <subfield code="m">K. G. Wilson and J. B. Kogut,</subfield>
      <subfield code="s">Phys. Rep. 12 (1974) 75</subfield>
    </datafield>
    <datafield tag="999" ind1="C" ind2="5">
      <subfield code="o">[13]</subfield>
      <subfield code="m">I. R. Klebanov and E. Witten,</subfield>
      <subfield code="s">Nucl. Phys. B 556 (1999) 89</subfield>
      <subfield code="r">hep-th/9905104</subfield>
    </datafield>
    <datafield tag="999" ind1="C" ind2="5">
      <subfield code="o">[14]</subfield>
      <subfield code="m">W. Heidenreich,</subfield>
      <subfield code="s">J. Math. Phys. 22 (1981) 1566</subfield>
    </datafield>
    <datafield tag="999" ind1="C" ind2="5">
      <subfield code="o">[15]</subfield>
      <subfield code="m">D. Anselmi,</subfield>
      <subfield code="r">hep-th/0210123</subfield>
    </datafield>
  </record>