
  <record>
    <controlfield tag="003">SzGeCERN</controlfield>
    <controlfield tag="005">20041129103619.0</controlfield>
    <datafield tag="035" ind1=" " ind2=" ">
      <subfield code="a">2357700CERCER</subfield>
    </datafield>
    <datafield tag="035" ind1=" " ind2=" ">
      <subfield code="9">SLAC</subfield>
      <subfield code="a">5435544</subfield>
    </datafield>
    <datafield tag="037" ind1=" " ind2=" ">
      <subfield code="a">hep-th/0212314</subfield>
    </datafield>
    <datafield tag="041" ind1=" " ind2=" ">
      <subfield code="a">eng</subfield>
    </datafield>
    <datafield tag="088" ind1=" " ind2=" ">
      <subfield code="a">KUNS-1817</subfield>
    </datafield>
    <datafield tag="088" ind1=" " ind2=" ">
      <subfield code="a">YITP-2002-73</subfield>
    </datafield>
    <datafield tag="088" ind1=" " ind2=" ">
      <subfield code="a">TAUP-2719</subfield>
    </datafield>
    <datafield tag="100" ind1=" " ind2=" ">
      <subfield code="a">Fukuma, M</subfield>
      <subfield code="u">Kyoto University</subfield>
    </datafield>
    <datafield tag="245" ind1=" " ind2=" ">
      <subfield code="a">Holographic Renormalization Group</subfield>
    </datafield>
    <datafield tag="260" ind1=" " ind2=" ">
      <subfield code="c">2003</subfield>
    </datafield>
    <datafield tag="269" ind1=" " ind2=" ">
      <subfield code="a">Kyoto</subfield>
      <subfield code="b">Kyoto Univ.</subfield>
      <subfield code="c">26 Dec 2002</subfield>
    </datafield>
    <datafield tag="300" ind1=" " ind2=" ">
      <subfield code="a">90 p</subfield>
    </datafield>
    <datafield tag="520" ind1=" " ind2=" ">
      <subfield code="a">The holographic renormalization group (RG) is reviewed in a self-contained manner. The holographic RG is based on the idea that the radial coordinate of a space-time with asymptotically AdS geometry can be identified with the RG flow parameter of the boundary field theory. After briefly discussing basic aspects of the AdS/CFT correspondence, we explain how the notion of the holographic RG comes out in the AdS/CFT correspondence. We formulate the holographic RG based on the Hamilton-Jacobi equations for bulk systems of gravity and scalar fields, as was introduced by de Boer, Verlinde and Verlinde. We then show that the equations can be solved with a derivative expansion by carefully extracting local counterterms from the generating functional of the boundary field theory. The calculational methods to obtain the Weyl anomaly and scaling dimensions are presented and applied to the RG flow from the N=4 SYM to an N=1 superconformal fixed point discovered by Leigh and Strassler. We further discuss a relation between the holographic RG and the noncritical string theory, and show that the structure of the holographic RG should persist beyond the supergravity approximation as a consequence of the renormalizability of the nonlinear sigma model action of noncritical strings. As a check, we investigate the holographic RG structure of higher-derivative gravity systems, and show that such systems can also be analyzed based on the Hamilton-Jacobi equations, and that the behaviour of bulk fields are determined solely by their boundary values. We also point out that higher-derivative gravity systems give rise to new multicritical points in the parameter space of the boundary field theories.</subfield>
    </datafield>
    <datafield tag="595" ind1=" " ind2=" ">
      <subfield code="a">LANL EDS</subfield>
    </datafield>
    <datafield tag="595" ind1=" " ind2=" ">
      <subfield code="a">SIS INIS2004</subfield>
    </datafield>
    <datafield tag="595" ind1=" " ind2=" ">
      <subfield code="a">SIS LANLPUBL2004</subfield>
    </datafield>
    <datafield tag="595" ind1=" " ind2=" ">
      <subfield code="a">SIS:2004 PR/LKR added</subfield>
    </datafield>
    <datafield tag="650" ind1="1" ind2="7">
      <subfield code="2">SzGeCERN</subfield>
      <subfield code="a">Particle Physics - Theory</subfield>
    </datafield>
    <datafield tag="690" ind1="C" ind2=" ">
      <subfield code="a">ARTICLE</subfield>
    </datafield>
    <datafield tag="695" ind1=" " ind2=" ">
      <subfield code="9">LANL EDS</subfield>
      <subfield code="a">High Energy Physics - Theory</subfield>
    </datafield>
    <datafield tag="700" ind1=" " ind2=" ">
      <subfield code="a">Matsuura, S</subfield>
    </datafield>
    <datafield tag="700" ind1=" " ind2=" ">
      <subfield code="a">Sakai, T</subfield>
    </datafield>
    <datafield tag="720" ind1=" " ind2=" ">
      <subfield code="a">Fukuma, Masafumi</subfield>
    </datafield>
    <datafield tag="720" ind1=" " ind2=" ">
      <subfield code="a">Matsuura, So</subfield>
    </datafield>
    <datafield tag="720" ind1=" " ind2=" ">
      <subfield code="a">Sakai, Tadakatsu</subfield>
    </datafield>
    <datafield tag="909" ind1="C" ind2="4">
      <subfield code="c">489-562</subfield>
      <subfield code="p">Prog. Theor. Phys.</subfield>
      <subfield code="v">109</subfield>
      <subfield code="y">2003</subfield>
    </datafield>
    <datafield tag="FFT" ind1=" " ind2=" ">
      <subfield code="a">http://invenio-software.org/download/invenio-demo-site-files/0212314.pdf</subfield>
    </datafield>
    <datafield tag="FFT" ind1=" " ind2=" ">
      <subfield code="a">http://invenio-software.org/download/invenio-demo-site-files/0212314.ps.gz</subfield>
    </datafield>
    <datafield tag="859" ind1=" " ind2=" ">
      <subfield code="f">matsu@yukawa.kyoto-u.ac.jp</subfield>
    </datafield>
    <datafield tag="916" ind1=" " ind2=" ">
      <subfield code="s">n</subfield>
      <subfield code="w">200201</subfield>
    </datafield>
    <datafield tag="960" ind1=" " ind2=" ">
      <subfield code="a">13</subfield>
    </datafield>
    <datafield tag="961" ind1=" " ind2=" ">
      <subfield code="c">20051024</subfield>
      <subfield code="h">1938</subfield>
      <subfield code="l">CER01</subfield>
      <subfield code="x">20021230</subfield>
    </datafield>
    <datafield tag="963" ind1=" " ind2=" ">
      <subfield code="a">PUBLIC</subfield>
    </datafield>
    <datafield tag="970" ind1=" " ind2=" ">
      <subfield code="a">002357700CER</subfield>
    </datafield>
    <datafield tag="980" ind1=" " ind2=" ">
      <subfield code="a">ARTICLE</subfield>
    </datafield>
    <datafield tag="999" ind1="C" ind2="5">
      <subfield code="o">[1]</subfield>
      <subfield code="m">Y. Nambu, in Symmetries and quark models, ed. R. Chand (Tordon and Breach 1970), p 269; H. Nielsen, in the 15th International Conference on High Energy Physics (Kiev 1970); L. Susskind,</subfield>
      <subfield code="s">Nuovo Cimento A 69 (1970) 457</subfield>
    </datafield>
    <datafield tag="999" ind1="C" ind2="5">
      <subfield code="o">[2]</subfield>
      <subfield code="m">G. ’t Hooft, "A Planar Diagram Theory For Strong Interactions,"</subfield>
      <subfield code="s">Nucl. Phys. B 72 (1974) 461</subfield>
    </datafield>
    <datafield tag="999" ind1="C" ind2="5">
      <subfield code="o">[3]</subfield>
      <subfield code="m">K. G. Wilson, ‘Confinement of Quarks,"</subfield>
      <subfield code="s">Phys. Rev. D 10 (1974) 2445</subfield>
    </datafield>
    <datafield tag="999" ind1="C" ind2="5">
      <subfield code="o">[4]</subfield>
      <subfield code="m">R. Gopakumar and C. Vafa, "On the gauge theory/geometry correspondence,"</subfield>
      <subfield code="s">Adv. Theor. Math. Phys. 3 (1999) 1415</subfield>
      <subfield code="r">hep-th/9811131</subfield>
    </datafield>
    <datafield tag="999" ind1="C" ind2="5">
      <subfield code="o">[5]</subfield>
      <subfield code="m">J. Maldacena, "The large N limit of superconformal field theories and supergravity,"</subfield>
      <subfield code="s">Adv. Theor. Math. Phys. 2 (1998) 231</subfield>
      <subfield code="r">hep-th/9711200</subfield>
    </datafield>
    <datafield tag="999" ind1="C" ind2="5">
      <subfield code="o">[6]</subfield>
      <subfield code="m">S. S. Gubser, I. R. Klebanov and A. M. Polyakov, "Gauge Theory Correlators from Non-Critical String Theory,"</subfield>
      <subfield code="s">Phys. Lett. B 428 (1998) 105</subfield>
      <subfield code="r">hep-th/9802109</subfield>
    </datafield>
    <datafield tag="999" ind1="C" ind2="5">
      <subfield code="o">[7]</subfield>
      <subfield code="m">E. Witten, "Anti De Sitter Space And Holography,"</subfield>
      <subfield code="s">Adv. Theor. Math. Phys. 2 (1998) 253</subfield>
      <subfield code="r">hep-th/9802150</subfield>
    </datafield>
    <datafield tag="999" ind1="C" ind2="5">
      <subfield code="o">[8]</subfield>
      <subfield code="m">O. Aharony, S. S. Gubser, J. Maldacena, H. Ooguri and Y. Oz, "Large N Field Theories, String Theory and Gravity,"</subfield>
      <subfield code="r">hep-th/9905111</subfield>
    </datafield>
    <datafield tag="999" ind1="C" ind2="5">
      <subfield code="o">[8]</subfield>
      <subfield code="m">, and references therein.</subfield>
    </datafield>
    <datafield tag="999" ind1="C" ind2="5">
      <subfield code="o">[9]</subfield>
      <subfield code="m">G. T. Horowitz and A. Strominger, "Black Strings And P-Branes,"</subfield>
      <subfield code="s">Nucl. Phys. B 360 (1991) 197</subfield>
    </datafield>
    <datafield tag="999" ind1="C" ind2="5">
      <subfield code="o">[10]</subfield>
      <subfield code="m">L. Susskind and E. Witten, "The holographic bound in anti-de Sitter space,"</subfield>
      <subfield code="r">hep-th/9805114</subfield>
    </datafield>
    <datafield tag="999" ind1="C" ind2="5">
      <subfield code="o">[11]</subfield>
      <subfield code="m">E. T. Akhmedov, "A remark on the AdS/CFT correspondence and the renormaliza-tion group flow,"</subfield>
      <subfield code="s">Phys. Lett. B 442 (1998) 152</subfield>
      <subfield code="r">hep-th/9806217</subfield>
    </datafield>
    <datafield tag="999" ind1="C" ind2="5">
      <subfield code="o">[12]</subfield>
      <subfield code="m">E. Alvarez and C. Gomez, "Geometric Holography, the Renormalization Group and the c-Theorem,"</subfield>
      <subfield code="s">Nucl. Phys. B 541 (1999) 441</subfield>
      <subfield code="r">hep-th/9807226</subfield>
    </datafield>
    <datafield tag="999" ind1="C" ind2="5">
      <subfield code="o">[13]</subfield>
      <subfield code="m">L. Girardello, M. Petrini, M. Porrati and A. Zaffaroni, "Novel Local CFT and Exact Results on Perturbations of N=4 Super Yang Mills from AdS Dynamics,"</subfield>
      <subfield code="s">J. High Energy Phys. 12 (1998) 022</subfield>
      <subfield code="r">hep-th/9810126</subfield>
    </datafield>
    <datafield tag="999" ind1="C" ind2="5">
      <subfield code="o">[14]</subfield>
      <subfield code="m">M. Porrati and A. Starinets, "RG Fixed Points in Supergravity Duals of 4-d Field Theory and Asymptotically AdS Spaces,"</subfield>
      <subfield code="s">Phys. Lett. B 454 (1999) 77</subfield>
      <subfield code="r">hep-th/9903085</subfield>
    </datafield>
    <datafield tag="999" ind1="C" ind2="5">
      <subfield code="o">[15]</subfield>
      <subfield code="m">V. Balasubramanian and P. Kraus, "Spacetime and the Holographic Renormalization Group,"</subfield>
      <subfield code="s">Phys. Rev. Lett. 83 (1999) 3605</subfield>
      <subfield code="r">hep-th/9903190</subfield>
    </datafield>
    <datafield tag="999" ind1="C" ind2="5">
      <subfield code="o">[16]</subfield>
      <subfield code="m">D. Z. Freedman, S. S. Gubser, K. Pilch and N. P. Warner, "Renormalization group flows from holography supersymmetry and a c-theorem,"</subfield>
      <subfield code="s">Adv. Theor. Math. Phys. 3 (1999) 363</subfield>
      <subfield code="r">hep-th/9904017</subfield>
    </datafield>
    <datafield tag="999" ind1="C" ind2="5">
      <subfield code="o">[17]</subfield>
      <subfield code="m">L. Girardello, M. Petrini, M. Porrati and A. Zaffaroni "The Supergravity Dual of N=1 Super Yang-Mills Theory,"</subfield>
      <subfield code="s">Nucl. Phys. B 569 (2000) 451</subfield>
      <subfield code="r">hep-th/9909047</subfield>
    </datafield>
    <datafield tag="999" ind1="C" ind2="5">
      <subfield code="o">[18]</subfield>
      <subfield code="m">K. Skenderis and P. K. Townsend, "Gravitational Stability and Renormalization-Group Flow,"</subfield>
      <subfield code="s">Phys. Lett. B 468 (1999) 46</subfield>
      <subfield code="r">hep-th/9909070</subfield>
    </datafield>
    <datafield tag="999" ind1="C" ind2="5">
      <subfield code="o">[19]</subfield>
      <subfield code="m">O. DeWolfe, D. Z. Freedman, S. S. Gubser and A. Karch, "Modeling the fifth dimen-sion with scalars and gravity,"</subfield>
      <subfield code="s">Phys. Rev. D 62 (2000) 046008</subfield>
      <subfield code="r">hep-th/9909134</subfield>
    </datafield>
    <datafield tag="999" ind1="C" ind2="5">
      <subfield code="o">[20]</subfield>
      <subfield code="m">V. Sahakian, "Holography, a covariant c-function and the geometry of the renormal-ization group,"</subfield>
      <subfield code="s">Phys. Rev. D 62 (2000) 126011</subfield>
      <subfield code="r">hep-th/9910099</subfield>
    </datafield>
    <datafield tag="999" ind1="C" ind2="5">
      <subfield code="o">[21]</subfield>
      <subfield code="m">E. Alvarez and C. Gomez, "A comment on the holographic renormalization group and the soft dilaton theorem,"</subfield>
      <subfield code="s">Phys. Lett. B 476 (2000) 411</subfield>
      <subfield code="r">hep-th/0001016</subfield>
    </datafield>
    <datafield tag="999" ind1="C" ind2="5">
      <subfield code="o">[22]</subfield>
      <subfield code="m">S. Nojiri, S. D. Odintsov and S. Zerbini, "Quantum (in)stability of dilatonic AdS backgrounds and holographic renormalization group with gravity,"</subfield>
      <subfield code="s">Phys. Rev. D 62 (2000) 064006</subfield>
      <subfield code="r">hep-th/0001192</subfield>
    </datafield>
    <datafield tag="999" ind1="C" ind2="5">
      <subfield code="o">[23]</subfield>
      <subfield code="m">M. Li, "A note on relation between holographic RG equation and Polchinski’s RG equation,"</subfield>
      <subfield code="s">Nucl. Phys. B 579 (2000) 525</subfield>
      <subfield code="r">hep-th/0001193</subfield>
    </datafield>
    <datafield tag="999" ind1="C" ind2="5">
      <subfield code="o">[24]</subfield>
      <subfield code="m">V. Sahakian, "Comments on D branes and the renormalization group,"</subfield>
      <subfield code="s">J. High Energy Phys. 0005 (2000) 011</subfield>
      <subfield code="r">hep-th/0002126</subfield>
    </datafield>
    <datafield tag="999" ind1="C" ind2="5">
      <subfield code="o">[25]</subfield>
      <subfield code="m">O. DeWolfe and D. Z. Freedman, "Notes on fluctuations and correlation functions in holographic renormalization group flows,"</subfield>
      <subfield code="r">hep-th/0002226</subfield>
    </datafield>
    <datafield tag="999" ind1="C" ind2="5">
      <subfield code="o">[26]</subfield>
      <subfield code="m">V. Balasubramanian, E. G. Gimon and D. Minic, "Consistency conditions for holo-graphic duality,"</subfield>
      <subfield code="s">J. High Energy Phys. 0005 (2000) 014</subfield>
      <subfield code="r">hep-th/0003147</subfield>
    </datafield>
    <datafield tag="999" ind1="C" ind2="5">
      <subfield code="o">[27]</subfield>
      <subfield code="m">C. V. Johnson, K. J. Lovis and D. C. Page, "Probing some N = 1 AdS/CFT RG flows,"</subfield>
      <subfield code="s">J. High Energy Phys. 0105 (2001) 036</subfield>
      <subfield code="r">hep-th/0011166</subfield>
    </datafield>
    <datafield tag="999" ind1="C" ind2="5">
      <subfield code="o">[28]</subfield>
      <subfield code="m">J. Erdmenger, "A field-theoretical interpretation of the holographic renormalization group,"</subfield>
      <subfield code="s">Phys. Rev. D 64 (2001) 085012</subfield>
      <subfield code="r">hep-th/0103219</subfield>
    </datafield>
    <datafield tag="999" ind1="C" ind2="5">
      <subfield code="o">[29]</subfield>
      <subfield code="m">S. Yamaguchi, "Holographic RG flow on the defect and g-theorem,"</subfield>
      <subfield code="s">J. High Energy Phys. 0210 (2002) 002</subfield>
      <subfield code="r">hep-th/0207171</subfield>
    </datafield>
    <datafield tag="999" ind1="C" ind2="5">
      <subfield code="o">[30]</subfield>
      <subfield code="m">J. de Boer, E. Verlinde and H. Verlinde, "On the Holographic Renormalization Group,"</subfield>
      <subfield code="r">hep-th/9912012</subfield>
    </datafield>
    <datafield tag="999" ind1="C" ind2="5">
      <subfield code="o">[31]</subfield>
      <subfield code="m">M. Henningson and K. Skenderis, "The Holographic Weyl anomaly,"</subfield>
      <subfield code="s">J. High Energy Phys. 07 (1998) 023</subfield>
      <subfield code="r">hep-th/9806087</subfield>
    </datafield>
    <datafield tag="999" ind1="C" ind2="5">
      <subfield code="o">[32]</subfield>
      <subfield code="m">V. Balasubramanian and P. Kraus, "A stress tensor for anti-de Sitter gravity,"</subfield>
      <subfield code="s">Commun. Math. Phys. 208 (1999) 413</subfield>
      <subfield code="r">hep-th/9902121</subfield>
    </datafield>
    <datafield tag="999" ind1="C" ind2="5">
      <subfield code="o">[33]</subfield>
      <subfield code="m">S. de Haro, K. Skenderis and S. Solodukhin, "Holographic Reconstruction of Space-time and Renormalization in the AdS/CFT Correspondence,"</subfield>
      <subfield code="r">hep-th/0002230</subfield>
    </datafield>
    <datafield tag="999" ind1="C" ind2="5">
      <subfield code="o">[34]</subfield>
      <subfield code="m">M. J. Duff, "Twenty Years of the Weyl Anomaly,"</subfield>
      <subfield code="s">Class. Quantum Gravity 11 (1994) 1387</subfield>
      <subfield code="r">hep-th/9308075</subfield>
    </datafield>
    <datafield tag="999" ind1="C" ind2="5">
      <subfield code="o">[35]</subfield>
      <subfield code="m">M. Fukuma, S. Matsuura and T. Sakai, "A note on the Weyl anomaly in the holographic renormalization group,"</subfield>
      <subfield code="s">Prog. Theor. Phys. 104 (2000) 1089</subfield>
      <subfield code="r">hep-th/0007062</subfield>
    </datafield>
    <datafield tag="999" ind1="C" ind2="5">
      <subfield code="o">[36]</subfield>
      <subfield code="m">M. Fukuma and T. Sakai, "Comment on ambiguities in the holographic Weyl anomaly,"</subfield>
      <subfield code="s">Mod. Phys. Lett. A 15 (2000) 1703</subfield>
      <subfield code="r">hep-th/0007200</subfield>
    </datafield>
    <datafield tag="999" ind1="C" ind2="5">
      <subfield code="o">[37]</subfield>
      <subfield code="m">M. Fukuma, S. Matsuura and T. Sakai, "Higher-Derivative Gravity and the AdS/CFT Correspondence,"</subfield>
      <subfield code="s">Prog. Theor. Phys. 105 (2001) 1017</subfield>
      <subfield code="r">hep-th/0103187</subfield>
    </datafield>
    <datafield tag="999" ind1="C" ind2="5">
      <subfield code="o">[38]</subfield>
      <subfield code="m">M. Fukuma and S. Matsuura, "Holographic renormalization group structure in higher-derivative gravity,"</subfield>
      <subfield code="s">Prog. Theor. Phys. 107 (2002) 1085</subfield>
      <subfield code="r">hep-th/0112037</subfield>
    </datafield>
    <datafield tag="999" ind1="C" ind2="5">
      <subfield code="o">[39]</subfield>
      <subfield code="m">A. Fayyazuddin and M. Spalinski "Large N Superconformal Gauge Theories and Supergravity Orientifolds,"</subfield>
      <subfield code="s">Nucl. Phys. B 535 (1998) 219</subfield>
      <subfield code="r">hep-th/9805096</subfield>
    </datafield>
    <datafield tag="999" ind1="C" ind2="5">
      <subfield code="o">[39]</subfield>
      <subfield code="m">O. Aharony, A. Fayyazuddin and J. Maldacena, "The Large N Limit of N = 1, 2 Field Theories from Three Branes in F-theory,"</subfield>
      <subfield code="s">J. High Energy Phys. 9807 (1998) 013</subfield>
      <subfield code="r">hep-th/9806159</subfield>
    </datafield>
    <datafield tag="999" ind1="C" ind2="5">
      <subfield code="o">[40]</subfield>
      <subfield code="m">M. Blau, K. S. Narain and E. Gava "On Subleading Contributions to the AdS/CFT Trace Anomaly,"</subfield>
      <subfield code="s">J. High Energy Phys. 9909 (1999) 018</subfield>
      <subfield code="r">hep-th/9904179</subfield>
    </datafield>
    <datafield tag="999" ind1="C" ind2="5">
      <subfield code="o">[41]</subfield>
      <subfield code="m">O. Aharony, J. Pawelczyk, S. Theisen and S. Yankielowicz, "A Note on Anomalies in the AdS/CFT correspondence,"</subfield>
      <subfield code="s">Phys. Rev. D 60 (1999) 066001</subfield>
      <subfield code="r">hep-th/9901134</subfield>
    </datafield>
    <datafield tag="999" ind1="C" ind2="5">
      <subfield code="o">[42]</subfield>
      <subfield code="m">S. Corley, "A Note on Holographic Ward Identities,"</subfield>
      <subfield code="s">Phys. Lett. B 484 (2000) 141</subfield>
      <subfield code="r">hep-th/0004030</subfield>
    </datafield>
    <datafield tag="999" ind1="C" ind2="5">
      <subfield code="o">[43]</subfield>
      <subfield code="m">J. Kalkkinen and D. Martelli, "Holographic renormalization group with fermions and form fields,"</subfield>
      <subfield code="s">Nucl. Phys. B 596 (2001) 415</subfield>
      <subfield code="r">hep-th/0007234</subfield>
    </datafield>
    <datafield tag="999" ind1="C" ind2="5">
      <subfield code="o">[44]</subfield>
      <subfield code="m">S. Nojiri, S. D. Odintsov and S. Ogushi, "Scheme-dependence of holographic confor-mal anomaly in d5 gauged supergravity with non-trivial bulk potential,"</subfield>
      <subfield code="s">Phys. Lett. B 494 (2000) 318</subfield>
      <subfield code="r">hep-th/0009015</subfield>
    </datafield>
    <datafield tag="999" ind1="C" ind2="5">
      <subfield code="o">[45]</subfield>
      <subfield code="m">N. Hambli, "On the holographic RG-flow and the low-Energy, strong coupling, large N limit,"</subfield>
      <subfield code="s">Phys. Rev. D 64 (2001) 024001</subfield>
      <subfield code="r">hep-th/0010054</subfield>
    </datafield>
    <datafield tag="999" ind1="C" ind2="5">
      <subfield code="o">[46]</subfield>
      <subfield code="m">S. Nojiri, S. D. Odintsov and S. Ogushi, "Holographic renormalization group and conformal anomaly for AdS(9)/CFT(8) correspondence,"</subfield>
      <subfield code="s">Phys. Lett. B 500 (2001) 199</subfield>
      <subfield code="r">hep-th/0011182</subfield>
    </datafield>
    <datafield tag="999" ind1="C" ind2="5">
      <subfield code="o">[47]</subfield>
      <subfield code="m">J. de Boer, "The holographic renormalization group,"</subfield>
      <subfield code="s">Fortschr. Phys. 49 (2001) 339</subfield>
      <subfield code="r">hep-th/0101026</subfield>
    </datafield>
    <datafield tag="999" ind1="C" ind2="5">
      <subfield code="o">[48]</subfield>
      <subfield code="m">J. Kalkkinen, D. Martelli and W. Muck, "Holographic renormalisation and anoma-lies,"</subfield>
      <subfield code="s">J. High Energy Phys. 0104 (2001) 036</subfield>
      <subfield code="r">hep-th/0103111</subfield>
    </datafield>
    <datafield tag="999" ind1="C" ind2="5">
      <subfield code="o">[49]</subfield>
      <subfield code="m">S. Nojiri and S. D. Odintsov, "Conformal anomaly from dS/CFT correspondence,"</subfield>
      <subfield code="s">Phys. Lett. B 519 (2001) 145</subfield>
      <subfield code="r">hep-th/0106191</subfield>
    </datafield>
    <datafield tag="999" ind1="C" ind2="5">
      <subfield code="o">[50]</subfield>
      <subfield code="m">S. Nojiri and S. D. Odintsov, "Asymptotically de Sitter dilatonic space-time, holo-graphic RG flow and conformal anomaly from (dilatonic) dS/CFT correspondence,"</subfield>
      <subfield code="s">Phys. Lett. B 531 (2002) 143</subfield>
      <subfield code="r">hep-th/0201210</subfield>
    </datafield>
    <datafield tag="999" ind1="C" ind2="5">
      <subfield code="o">[51]</subfield>
      <subfield code="m">R. G. Leigh and M. J. Strassler, "Exactly marginal operators and duality in four-dimensional N=1 supersymmetric gauge theory,"</subfield>
      <subfield code="s">Nucl. Phys. B 447 (1995) 95</subfield>
      <subfield code="r">hep-th/9503121</subfield>
    </datafield>
    <datafield tag="999" ind1="C" ind2="5">
      <subfield code="o">[52]</subfield>
      <subfield code="m">S. Ferrara, C. Fronsdal and A. Zaffaroni, "On N = 8 supergravity on AdS(5) and N = 4 superconformal Yang-Mills theory,"</subfield>
      <subfield code="s">Nucl. Phys. B 532 (1998) 153</subfield>
      <subfield code="r">hep-th/9802203</subfield>
    </datafield>
    <datafield tag="999" ind1="C" ind2="5">
      <subfield code="o">[53]</subfield>
      <subfield code="m">L. Andrianopoli and S. Ferrara, "K-K excitations on AdS(5) x S(5) Ann. Sci. N = 4 *pri-mary* superfields,"</subfield>
      <subfield code="s">Phys. Lett. B 430 (1998) 248</subfield>
      <subfield code="r">hep-th/9803171</subfield>
    </datafield>
    <datafield tag="999" ind1="C" ind2="5">
      <subfield code="o">[54]</subfield>
      <subfield code="m">S. Ferrara, M. A. Lledo and A. Zaffaroni, "Born-Infeld corrections to D3 brane action in AdS(5) x S(5) and N = 4, d = 4 primary superfields,"</subfield>
      <subfield code="s">Phys. Rev. D 58 (1998) 105029</subfield>
      <subfield code="r">hep-th/9805082</subfield>
    </datafield>
    <datafield tag="999" ind1="C" ind2="5">
      <subfield code="o">[55]</subfield>
      <subfield code="m">M. F. Sohnius, "Introducing Supersymmetry,"</subfield>
      <subfield code="s">Phys. Rep. 128 (1985) 39</subfield>
    </datafield>
    <datafield tag="999" ind1="C" ind2="5">
      <subfield code="o">[56]</subfield>
      <subfield code="m">O. Aharony, M. Berkooz and E. Silverstein, "Multiple-trace operators and non-local string theories,"</subfield>
      <subfield code="s">J. High Energy Phys. 0108 (2001) 006</subfield>
      <subfield code="r">hep-th/0105309</subfield>
    </datafield>
    <datafield tag="999" ind1="C" ind2="5">
      <subfield code="o">[57]</subfield>
      <subfield code="m">E. Witten, "Multi-trace operators, boundary conditions, and AdS/CFT correspon-dence,"</subfield>
      <subfield code="r">hep-th/0112258</subfield>
    </datafield>
    <datafield tag="999" ind1="C" ind2="5">
      <subfield code="o">[58]</subfield>
      <subfield code="m">M. Berkooz, A. Sever and A. Shomer, "Double-trace deformations, boundary condi-tions and spacetime singularities,"</subfield>
      <subfield code="s">J. High Energy Phys. 0205 (2002) 034</subfield>
      <subfield code="r">hep-th/0112264</subfield>
    </datafield>
    <datafield tag="999" ind1="C" ind2="5">
      <subfield code="o">[59]</subfield>
      <subfield code="m">S. Minwalla, "Restrictions imposed by superconformal invariance on quantum field theories,"</subfield>
      <subfield code="s">Adv. Theor. Math. Phys. 2 (1998) 781</subfield>
      <subfield code="r">hep-th/9712074</subfield>
    </datafield>
    <datafield tag="999" ind1="C" ind2="5">
      <subfield code="o">[60]</subfield>
      <subfield code="m">M. Gunaydin, D. Minic, and M. Zagermann, "Novel supermultiplets of SU(2, 2|4) and the AdS5 / CFT4 duality,"</subfield>
      <subfield code="r">hep-th/9810226</subfield>
    </datafield>
    <datafield tag="999" ind1="C" ind2="5">
      <subfield code="o">[61]</subfield>
      <subfield code="m">L. Andrianopoli and S. Ferrara, "K-K Excitations on AdS5 ×S5 Ann. Sci. N = 4 ‘Primary’ Superfields,"</subfield>
      <subfield code="s">Phys. Lett. B 430 (1998) 248</subfield>
      <subfield code="r">hep-th/9803171</subfield>
    </datafield>
    <datafield tag="999" ind1="C" ind2="5">
      <subfield code="o">[62]</subfield>
      <subfield code="m">L. Andrianopoli and S. Ferrara, "Nonchiral’ Primary Superfields in the AdSd+1 / CFTd Correspondence,"</subfield>
      <subfield code="s">Lett. Math. Phys. 46 (1998) 265</subfield>
      <subfield code="r">hep-th/9807150</subfield>
    </datafield>
    <datafield tag="999" ind1="C" ind2="5">
      <subfield code="o">[63]</subfield>
      <subfield code="m">S. Ferrara and A. Zaffaroni, "Bulk gauge fields in AdS supergravity and supersingle-tons,"</subfield>
      <subfield code="r">hep-th/9807090</subfield>
    </datafield>
    <datafield tag="999" ind1="C" ind2="5">
      <subfield code="o">[64]</subfield>
      <subfield code="m">M. Gunaydin, D. Minic, and M. Zagermann, "4-D doubleton conformal theories, CPT and II B string on AdS5 × S5,"</subfield>
      <subfield code="s">Nucl. Phys. B 534 (1998) 96</subfield>
      <subfield code="r">hep-th/9806042</subfield>
    </datafield>
    <datafield tag="999" ind1="C" ind2="5">
      <subfield code="o">[65]</subfield>
      <subfield code="m">L. Andrianopoli and S. Ferrara, "On Short and Long SU(2, 2/4) Multiplets in the AdS/CFT Correspondence,"</subfield>
      <subfield code="r">hep-th/9812067</subfield>
    </datafield>
    <datafield tag="999" ind1="C" ind2="5">
      <subfield code="o">[66]</subfield>
      <subfield code="m">P. S. Howe, K. S. Stelle and P. K. Townsend, "Supercurrents,"</subfield>
      <subfield code="s">Nucl. Phys. B 192 (1981) 332</subfield>
    </datafield>
    <datafield tag="999" ind1="C" ind2="5">
      <subfield code="o">[67]</subfield>
      <subfield code="m">P. S. Howe and P. C. West, "Operator product expansions in four-dimensional super-conformal field theories,"</subfield>
      <subfield code="s">Phys. Lett. B 389 (1996) 273</subfield>
      <subfield code="r">hep-th/9607060</subfield>
    </datafield>
    <datafield tag="999" ind1="C" ind2="5">
      <subfield code="o">[67]</subfield>
      <subfield code="m">"Is N = 4 Yang-Mills theory soluble?,"</subfield>
      <subfield code="r">hep-th/9611074</subfield>
    </datafield>
    <datafield tag="999" ind1="C" ind2="5">
      <subfield code="o">[67]</subfield>
      <subfield code="m">"Superconformal invariants and extended supersymmetry,"</subfield>
      <subfield code="s">Phys. Lett. B 400 (1997) 307</subfield>
      <subfield code="r">hep-th/9611075</subfield>
    </datafield>
    <datafield tag="999" ind1="C" ind2="5">
      <subfield code="o">[68]</subfield>
      <subfield code="m">H. J. Kim, L. J. Romans and P. van Nieuwenhuizen, "The Mass Spectrum Of Chiral N=2 D = 10 Supergravity On S**5,"</subfield>
      <subfield code="s">Phys. Rev. D 32 (1985) 389</subfield>
    </datafield>
    <datafield tag="999" ind1="C" ind2="5">
      <subfield code="o">[69]</subfield>
      <subfield code="m">M. Günaydin and N. Marcus, "The Spectrum Of The S**5 Compactification Of The Chiral N=2, D=10 Supergravity And The Unitary Supermultiplets Of U(2, 2/4),"</subfield>
      <subfield code="s">Class. Quantum Gravity 2 (1985) L11</subfield>
    </datafield>
    <datafield tag="999" ind1="C" ind2="5">
      <subfield code="o">[70]</subfield>
      <subfield code="m">V. A. Novikov, M. A. Shifman, A. I. Vainshtein and V. I. Zakharov, "Exact Gell-Mann-Low Function Of Supersymmetric Yang-Mills Theories From Instanton Cal-culus,"</subfield>
      <subfield code="s">Nucl. Phys. B 229 (1983) 381</subfield>
    </datafield>
    <datafield tag="999" ind1="C" ind2="5">
      <subfield code="o">[71]</subfield>
      <subfield code="m">D. Anselmi, D. Z. Freedman, M. T. Grisaru and Astron. Astrophys. Johansen, "Nonperturbative formulas for central functions of supersymmetric gauge theories,"</subfield>
      <subfield code="s">Nucl. Phys. B 526 (1998) 543</subfield>
      <subfield code="r">hep-th/9708042</subfield>
    </datafield>
    <datafield tag="999" ind1="C" ind2="5">
      <subfield code="o">[72]</subfield>
      <subfield code="m">A. Khavaev, K. Pilch and N. P. Warner, "New vacua of gauged N = 8 supergravity in five dimensions,"</subfield>
      <subfield code="s">Phys. Lett. B 487 (2000) 14</subfield>
      <subfield code="r">hep-th/9812035</subfield>
    </datafield>
    <datafield tag="999" ind1="C" ind2="5">
      <subfield code="o">[73]</subfield>
      <subfield code="m">K. Pilch and N. P. Warner, "N = 1 supersymmetric renormalization group flows from ICFA Instrum. Bull. supergravity,"</subfield>
      <subfield code="s">Adv. Theor. Math. Phys. 4 (2002) 627</subfield>
      <subfield code="r">hep-th/0006066</subfield>
    </datafield>
    <datafield tag="999" ind1="C" ind2="5">
      <subfield code="o">[74]</subfield>
      <subfield code="m">D. Berenstein, J. M. Maldacena and H. Nastase, "Strings in flat space and pp waves from N = 4 super Yang Mills,"</subfield>
      <subfield code="s">J. High Energy Phys. 0204 (2002) 013</subfield>
      <subfield code="r">hep-th/0202021</subfield>
    </datafield>
    <datafield tag="999" ind1="C" ind2="5">
      <subfield code="o">[75]</subfield>
      <subfield code="m">M. Blau, J. Figueroa-O’Farrill, C. Hull and G. Papadopoulos, "A new maximally supersymmetric background of ICFA Instrum. Bull. superstring theory,"</subfield>
      <subfield code="s">J. High Energy Phys. 0201 (2002) 047</subfield>
      <subfield code="r">hep-th/0110242</subfield>
    </datafield>
    <datafield tag="999" ind1="C" ind2="5">
      <subfield code="o">[75]</subfield>
      <subfield code="m">M. Blau, J. Figueroa-O’Farrill, C. Hull and G. Papadopoulos, "Pen-rose limits and maximal supersymmetry,"</subfield>
      <subfield code="s">Class. Quantum Gravity 19 (2002) L87</subfield>
      <subfield code="r">hep-th/0201081</subfield>
    </datafield>
    <datafield tag="999" ind1="C" ind2="5">
      <subfield code="o">[75]</subfield>
      <subfield code="m">M. Blau, J. Figueroa-O’Farrill and G. Papadopoulos, "Penrose lim-its, supergravity and brane dynamics,"</subfield>
      <subfield code="s">Class. Quantum Gravity 19 (2002) 4753</subfield>
      <subfield code="r">hep-th/0202111</subfield>
    </datafield>
    <datafield tag="999" ind1="C" ind2="5">
      <subfield code="o">[76]</subfield>
      <subfield code="m">R. R. Metsaev, "Type ICFA Instrum. Bull. Green-Schwarz superstring in plane wave Ramond-Ramond background,"</subfield>
      <subfield code="s">Nucl. Phys. B 625 (2002) 70</subfield>
      <subfield code="r">hep-th/0112044</subfield>
    </datafield>
    <datafield tag="999" ind1="C" ind2="5">
      <subfield code="o">[77]</subfield>
      <subfield code="m">R. Corrado, N. Halmagyi, K. D. Kennaway and N. P. Warner, "Penrose limits of RG fixed points and pp-waves with background fluxes,"</subfield>
      <subfield code="r">hep-th/0205314</subfield>
    </datafield>
    <datafield tag="999" ind1="C" ind2="5">
      <subfield code="o">[77]</subfield>
      <subfield code="m">E. G. Gi-mon, L. A. Pando Zayas and J. Sonnenschein, "Penrose limits and RG flows,"</subfield>
      <subfield code="r">hep-th/0206033</subfield>
    </datafield>
    <datafield tag="999" ind1="C" ind2="5">
      <subfield code="o">[77]</subfield>
      <subfield code="m">D. Brecher, C. V. Johnson, K. J. Lovis and R. C. Myers, "Penrose limits, deformed pp-waves and the string duals of N = 1 large N gauge theory,"</subfield>
      <subfield code="s">J. High Energy Phys. 0210 (2002) 008</subfield>
      <subfield code="r">hep-th/0206045</subfield>
    </datafield>
    <datafield tag="999" ind1="C" ind2="5">
      <subfield code="o">[78]</subfield>
      <subfield code="m">Y. Oz and T. Sakai, "Penrose limit and six-dimensional gauge theories,"</subfield>
      <subfield code="s">Phys. Lett. B 544 (2002) 321</subfield>
      <subfield code="r">hep-th/0207223</subfield>
    </datafield>
    <datafield tag="999" ind1="C" ind2="5">
      <subfield code="o">[78]</subfield>
      <subfield code="m">; etc.</subfield>
    </datafield>
    <datafield tag="999" ind1="C" ind2="5">
      <subfield code="o">[79]</subfield>
      <subfield code="m">A. B. Zamolodchikov, "Irreversibility’ Of The Flux Of The Renormalization Group In A 2-D Field Theory,"</subfield>
      <subfield code="s">JETP Lett. 43 (1986) 730</subfield>
    </datafield>
    <datafield tag="999" ind1="C" ind2="5">
      <subfield code="o">[79]</subfield>
      <subfield code="m">[</subfield>
      <subfield code="s">Pis'ma Zh. Eksp. Teor. Fiz. 43 (1986) 565</subfield>
    </datafield>
    <datafield tag="999" ind1="C" ind2="5">
      <subfield code="o">[79]</subfield>
      <subfield code="m">].</subfield>
    </datafield>
    <datafield tag="999" ind1="C" ind2="5">
      <subfield code="o">[80]</subfield>
      <subfield code="m">D. Anselmi, "Anomalies, unitarity, and quantum irreversibility,"</subfield>
      <subfield code="s">Ann. Phys. 276 (1999) 361</subfield>
      <subfield code="r">hep-th/9903059</subfield>
    </datafield>
    <datafield tag="999" ind1="C" ind2="5">
      <subfield code="o">[81]</subfield>
      <subfield code="m">G. W. Gibbons and S. W. Hawking, "Action Integrals and Partition Functions in Quantum Gravity,"</subfield>
      <subfield code="s">Phys. Rev. D 15 (1977) 2752</subfield>
    </datafield>
    <datafield tag="999" ind1="C" ind2="5">
      <subfield code="o">[82]</subfield>
      <subfield code="m">C. R. Graham and J. M. Lee, "Einstein Metrics with Prescribed Conformal Infinity on the Ball,"</subfield>
      <subfield code="s">Adv. Math. 87 (1991) 186</subfield>
    </datafield>
    <datafield tag="999" ind1="C" ind2="5">
      <subfield code="o">[83]</subfield>
      <subfield code="m">M. Green, J. Schwarz and E. Witten, "Superstring Theory," Cambridge University Press, New York, 1987.</subfield>
    </datafield>
    <datafield tag="999" ind1="C" ind2="5">
      <subfield code="o">[84]</subfield>
      <subfield code="m">S. Nojiri and S. Odintsov, "Conformal Anomaly for Dilaton Coupled Theories from AdS/CFT Correspondence,"</subfield>
      <subfield code="s">Phys. Lett. B 444 (1998) 92</subfield>
      <subfield code="r">hep-th/9810008</subfield>
    </datafield>
    <datafield tag="999" ind1="C" ind2="5">
      <subfield code="o">[84]</subfield>
      <subfield code="m">S. Nojiri, S. Odintsov and S. Ogushi, "Conformal Anomaly from d5 Gauged Super-gravity and c-function Away from Conformity,"</subfield>
      <subfield code="r">hep-th/9912191</subfield>
    </datafield>
    <datafield tag="999" ind1="C" ind2="5">
      <subfield code="o">[84]</subfield>
      <subfield code="m">"Finite Action in d5 Gauged Supergravity and Dilatonic Conformal Anomaly for Dual Quantum Field Theory,"</subfield>
      <subfield code="r">hep-th/0001122</subfield>
    </datafield>
    <datafield tag="999" ind1="C" ind2="5">
      <subfield code="o">[85]</subfield>
      <subfield code="m">A. Polyakov,</subfield>
      <subfield code="s">Phys. Lett. B 103 (1981) 207</subfield>
    </datafield>
    <datafield tag="999" ind1="C" ind2="5">
      <subfield code="o">[85]</subfield>
      <subfield code="m">211; V. Knizhnik, A. Polyakov and A. Zamolodchikov,</subfield>
      <subfield code="s">Mod. Phys. Lett. A 3 (1988) 819</subfield>
    </datafield>
    <datafield tag="999" ind1="C" ind2="5">
      <subfield code="o">[86]</subfield>
      <subfield code="m">F. David,</subfield>
      <subfield code="s">Mod. Phys. Lett. A 3 (1988) 1651</subfield>
    </datafield>
    <datafield tag="999" ind1="C" ind2="5">
      <subfield code="o">[86]</subfield>
      <subfield code="m">J. Distler and H. Kawai,</subfield>
      <subfield code="s">Nucl. Phys. B 321 (1989) 509</subfield>
    </datafield>
    <datafield tag="999" ind1="C" ind2="5">
      <subfield code="o">[87]</subfield>
      <subfield code="m">N. Seiberg, "Notes on quantum Liouville theory and quantum gravity,"</subfield>
      <subfield code="s">Prog. Theor. Phys. Suppl. 102 (1990) 319</subfield>
    </datafield>
    <datafield tag="999" ind1="C" ind2="5">
      <subfield code="o">[88]</subfield>
      <subfield code="m">R. Myer,</subfield>
      <subfield code="s">Phys. Lett. B 199 (1987) 371</subfield>
    </datafield>
    <datafield tag="999" ind1="C" ind2="5">
      <subfield code="o">[89]</subfield>
      <subfield code="m">A. Dhar and S. Wadia, "Noncritical strings, RG flows and holography,"</subfield>
      <subfield code="s">Nucl. Phys. B 590 (2000) 261</subfield>
      <subfield code="r">hep-th/0006043</subfield>
    </datafield>
    <datafield tag="999" ind1="C" ind2="5">
      <subfield code="o">[90]</subfield>
      <subfield code="m">S. Nojiri and S. D. Odintsov, "Brane World Inflation Induced by Quantum Effects,"</subfield>
      <subfield code="s">Phys. Lett. B 484 (2000) 119</subfield>
      <subfield code="r">hep-th/0004097</subfield>
    </datafield>
    <datafield tag="999" ind1="C" ind2="5">
      <subfield code="o">[91]</subfield>
      <subfield code="m">R. C. Myers, "Higher-derivative gravity, surface terms, and string theory,"</subfield>
      <subfield code="s">Phys. Rev. D 36 (1987) 392</subfield>
    </datafield>
    <datafield tag="999" ind1="C" ind2="5">
      <subfield code="o">[92]</subfield>
      <subfield code="m">S. Nojiri and S. D. Odintsov, "Brane-World Cosmology in Higher Derivative Gravity or Warped Compactification in the Next-to-leading Order of AdS/CFT Correspon-dence,"</subfield>
      <subfield code="s">J. High Energy Phys. 0007 (2000) 049</subfield>
      <subfield code="r">hep-th/0006232</subfield>
    </datafield>
    <datafield tag="999" ind1="C" ind2="5">
      <subfield code="o">[92]</subfield>
      <subfield code="m">S. Nojiri, S. D. Odintsov and S. Ogushi, "Dynamical Branes from Gravitational Dual of N = 2 Sp(N) Superconformal Field Theory,"</subfield>
      <subfield code="r">hep-th/0010004</subfield>
    </datafield>
    <datafield tag="999" ind1="C" ind2="5">
      <subfield code="o">[92]</subfield>
      <subfield code="m">"Holographic Europhys. Newstropy and brane FRW-dynamics from AdS black hole in d5 higher derivative gravity,"</subfield>
      <subfield code="r">hep-th/0105117</subfield>
    </datafield>
    <datafield tag="999" ind1="C" ind2="5">
      <subfield code="o">[93]</subfield>
      <subfield code="m">S. Nojiri and S. D. Odintsov, "On the conformal anomaly from higher derivative grav-ity in AdS/CFT correspondence,"</subfield>
      <subfield code="s">Int. J. Mod. Phys. A 15 (2000) 413</subfield>
      <subfield code="r">hep-th/9903033</subfield>
    </datafield>
    <datafield tag="999" ind1="C" ind2="5">
      <subfield code="o">[93]</subfield>
      <subfield code="m">S. Nojiri and S. D. Odintsov, "Finite gravitational action for higher derivative and stringy gravity,"</subfield>
      <subfield code="s">Phys. Rev. D 62 (2000) 064018</subfield>
      <subfield code="r">hep-th/9911152</subfield>
    </datafield>
    <datafield tag="999" ind1="C" ind2="5">
      <subfield code="o">[94]</subfield>
      <subfield code="m">J. Polchinski, "String Theory," Vol. II, Cambridge University Press, 1998.</subfield>
    </datafield>
    <datafield tag="999" ind1="C" ind2="5">
      <subfield code="o">[95]</subfield>
      <subfield code="m">S. Kamefuchi, L. O’Raifeartaigh and A. Salam, "Change Of Variables And Equiva-lence Theorems In Quantum Field Theories,"</subfield>
      <subfield code="s">Nucl. Phys. 28 (1961) 529</subfield>
    </datafield>
    <datafield tag="999" ind1="C" ind2="5">
      <subfield code="o">[96]</subfield>
      <subfield code="m">D. J. Gross and E. Witten, "Superstring Modifications Of Einstein’s Equations,"</subfield>
      <subfield code="s">Nucl. Phys. B 277 (1986) 1</subfield>
    </datafield>
    <datafield tag="999" ind1="C" ind2="5">
      <subfield code="o">[97]</subfield>
      <subfield code="m">J. I. Latorre and T. R. Morris, "Exact scheme independence,"</subfield>
      <subfield code="s">J. High Energy Phys. 0011 (2000) 004</subfield>
      <subfield code="r">hep-th/0008123</subfield>
    </datafield>
    <datafield tag="999" ind1="C" ind2="5">
      <subfield code="o">[98]</subfield>
      <subfield code="m">M. Fukuma and S. Matsuura, "Comment on field redefinitions in the AdS/CFT cor-respondence,"</subfield>
      <subfield code="s">Prog. Theor. Phys. 108 (2002) 375</subfield>
      <subfield code="r">hep-th/0204257</subfield>
    </datafield>
    <datafield tag="999" ind1="C" ind2="5">
      <subfield code="o">[99]</subfield>
      <subfield code="m">I. R. Klebanov and A. M. Polyakov, "AdS dual of the critical O(N) vector model,"</subfield>
      <subfield code="s">Phys. Lett. B 550 (2002) 213</subfield>
      <subfield code="r">hep-th/0210114</subfield>
    </datafield>
    <datafield tag="999" ind1="C" ind2="5">
      <subfield code="o">[100]</subfield>
      <subfield code="m">A. M. Polyakov, "Gauge Fields Ann. Sci. Rings Of Glue,"</subfield>
      <subfield code="s">Nucl. Phys. B 164 (1980) 171</subfield>
    </datafield>
    <datafield tag="999" ind1="C" ind2="5">
      <subfield code="o">[101]</subfield>
      <subfield code="m">Y. Makeenko and Astron. Astrophys. Migdal, "Quantum Chromodynamics Ann. Sci. Dynamics Of Loops,"</subfield>
      <subfield code="s">Nucl. Phys. B 188 (1981) 269</subfield>
    </datafield>
    <datafield tag="999" ind1="C" ind2="5">
      <subfield code="o">[102]</subfield>
      <subfield code="m">A. M. Polyakov, "Confining strings,"</subfield>
      <subfield code="s">Nucl. Phys. B 486 (1997) 23</subfield>
      <subfield code="r">hep-th/9607049</subfield>
    </datafield>
    <datafield tag="999" ind1="C" ind2="5">
      <subfield code="o">[103]</subfield>
      <subfield code="m">A. M. Polyakov, "String theory and quark confinement,"</subfield>
      <subfield code="s">Nucl. Phys. B, Proc. Suppl. 68 (1998) 1</subfield>
      <subfield code="r">hep-th/9711002</subfield>
    </datafield>
    <datafield tag="999" ind1="C" ind2="5">
      <subfield code="o">[104]</subfield>
      <subfield code="m">A. M. Polyakov, "The wall of the cave,"</subfield>
      <subfield code="s">Int. J. Mod. Phys. A 14 (1999) 645</subfield>
      <subfield code="r">hep-th/9809057</subfield>
    </datafield>
    <datafield tag="999" ind1="C" ind2="5">
      <subfield code="o">[105]</subfield>
      <subfield code="m">A. M. Polyakov and V. S. Rychkov, "Gauge fields - strings duality and the loop equation,"</subfield>
      <subfield code="s">Nucl. Phys. B 581 (2000) 116</subfield>
      <subfield code="r">hep-th/0002106</subfield>
    </datafield>
    <datafield tag="999" ind1="C" ind2="5">
      <subfield code="o">[106]</subfield>
      <subfield code="m">A. M. Polyakov and V. S. Rychkov, "Loop dynamics and AdS/CFT correspondence,"</subfield>
      <subfield code="s">Nucl. Phys. B 594 (2001) 272</subfield>
      <subfield code="r">hep-th/0005173</subfield>
    </datafield>
    <datafield tag="999" ind1="C" ind2="5">
      <subfield code="o">[107]</subfield>
      <subfield code="m">A. M. Polyakov, "String theory Ann. Sci. a universal language,"</subfield>
      <subfield code="s">Phys. At. Nucl. 64 (2001) 540</subfield>
      <subfield code="r">hep-th/0006132</subfield>
    </datafield>
    <datafield tag="999" ind1="C" ind2="5">
      <subfield code="o">[108]</subfield>
      <subfield code="m">A. M. Polyakov, "Gauge fields and space-time," Int. J. Mod. Phys. A 17S : 1 (2002) 119,</subfield>
      <subfield code="r">hep-th/0110196</subfield>
    </datafield>
    <datafield tag="999" ind1="C" ind2="5">
      <subfield code="o">[109]</subfield>
      <subfield code="m">J. B. Kogut and L. Susskind, "Hamiltonian Formulation Of Wilson’s Lattice Gauge Theories,"</subfield>
      <subfield code="s">Phys. Rev. D 11 (1975) 395</subfield>
    </datafield>
    <datafield tag="999" ind1="C" ind2="5">
      <subfield code="o">[110]</subfield>
      <subfield code="m">A. Santambrogio and D. Zanon, "Exact anomalous dimensions of N = 4 Yang-Mills operators with large R charge,"</subfield>
      <subfield code="s">Phys. Lett. B 545 (2002) 425</subfield>
      <subfield code="r">hep-th/0206079</subfield>
    </datafield>
    <datafield tag="999" ind1="C" ind2="5">
      <subfield code="o">[111]</subfield>
      <subfield code="m">Y. Oz and T. Sakai, "Exact anomalous dimensions for N = 2 ADE SCFTs,"</subfield>
      <subfield code="r">hep-th/0208078</subfield>
    </datafield>
    <datafield tag="999" ind1="C" ind2="5">
      <subfield code="o">[112]</subfield>
      <subfield code="m">S. R. Das, C. Gomez and S. J. Rey, "Penrose limit, spontaneous Symmetry break-ing and holography in pp-wave background,"</subfield>
      <subfield code="s">Phys. Rev. D 66 (2002) 046002</subfield>
      <subfield code="r">hep-th/0203164</subfield>
    </datafield>
    <datafield tag="999" ind1="C" ind2="5">
      <subfield code="o">[113]</subfield>
      <subfield code="m">R. G. Leigh, K. Okuyama and M. Rozali, "PP-waves and holography,"</subfield>
      <subfield code="s">Phys. Rev. D 66 (2002) 046004</subfield>
      <subfield code="r">hep-th/0204026</subfield>
    </datafield>
    <datafield tag="999" ind1="C" ind2="5">
      <subfield code="o">[114]</subfield>
      <subfield code="m">D. Berenstein and H. Nastase, "On lightcone string field theory from super Yang-Mills and holography,"</subfield>
      <subfield code="r">hep-th/0205048</subfield>
    </datafield>
  </record>