
  <record>
    <controlfield tag="003">SzGeCERN</controlfield>
    <datafield tag="035" ind1=" " ind2=" ">
      <subfield code="a">2373792CERCER</subfield>
    </datafield>
    <datafield tag="037" ind1=" " ind2=" ">
      <subfield code="a">hep-th/0304229</subfield>
    </datafield>
    <datafield tag="041" ind1=" " ind2=" ">
      <subfield code="a">eng</subfield>
    </datafield>
    <datafield tag="100" ind1=" " ind2=" ">
      <subfield code="a">Barvinsky, A O</subfield>
      <subfield code="u">Lebedev Physics Institute</subfield>
    </datafield>
    <datafield tag="245" ind1=" " ind2=" ">
      <subfield code="a">Nonlocal action for long-distance modifications of gravity theory</subfield>
    </datafield>
    <datafield tag="260" ind1=" " ind2=" ">
      <subfield code="c">2003</subfield>
    </datafield>
    <datafield tag="269" ind1=" " ind2=" ">
      <subfield code="c">28 Apr 2003</subfield>
    </datafield>
    <datafield tag="300" ind1=" " ind2=" ">
      <subfield code="a">9 p</subfield>
    </datafield>
    <datafield tag="520" ind1=" " ind2=" ">
      <subfield code="a">We construct the covariant nonlocal action for recently suggested long-distance modifications of gravity theory motivated by the cosmological constant and cosmological acceleration problems. This construction is based on the special nonlocal form of the Einstein-Hilbert action explicitly revealing the fact that this action within the covariant curvature expansion begins with curvature-squared terms.</subfield>
    </datafield>
    <datafield tag="595" ind1=" " ind2=" ">
      <subfield code="a">LANL EDS</subfield>
    </datafield>
    <datafield tag="595" ind1=" " ind2=" ">
      <subfield code="a">SIS LANLPUBL2004</subfield>
    </datafield>
    <datafield tag="595" ind1=" " ind2=" ">
      <subfield code="a">SIS:2004 PR/LKR added</subfield>
    </datafield>
    <datafield tag="650" ind1="1" ind2="7">
      <subfield code="2">SzGeCERN</subfield>
      <subfield code="a">Particle Physics - Theory</subfield>
    </datafield>
    <datafield tag="690" ind1="C" ind2=" ">
      <subfield code="a">ARTICLE</subfield>
    </datafield>
    <datafield tag="695" ind1=" " ind2=" ">
      <subfield code="9">LANL EDS</subfield>
      <subfield code="a">High Energy Physics - Theory</subfield>
    </datafield>
    <datafield tag="909" ind1="C" ind2="4">
      <subfield code="c">109-116</subfield>
      <subfield code="p">Phys. Lett. B</subfield>
      <subfield code="v">572</subfield>
      <subfield code="y">2003</subfield>
    </datafield>
    <datafield tag="FFT" ind1=" " ind2=" ">
      <subfield code="a">http://invenio-software.org/download/invenio-demo-site-files/0304229.pdf</subfield>
    </datafield>
    <datafield tag="FFT" ind1=" " ind2=" ">
      <subfield code="a">http://invenio-software.org/download/invenio-demo-site-files/0304229.ps.gz</subfield>
    </datafield>
    <datafield tag="859" ind1=" " ind2=" ">
      <subfield code="f">barvin@lpi.ru</subfield>
    </datafield>
    <datafield tag="916" ind1=" " ind2=" ">
      <subfield code="s">n</subfield>
      <subfield code="w">200318</subfield>
    </datafield>
    <datafield tag="960" ind1=" " ind2=" ">
      <subfield code="a">13</subfield>
    </datafield>
    <datafield tag="961" ind1=" " ind2=" ">
      <subfield code="c">20060826</subfield>
      <subfield code="h">0015</subfield>
      <subfield code="l">CER01</subfield>
      <subfield code="x">20030429</subfield>
    </datafield>
    <datafield tag="963" ind1=" " ind2=" ">
      <subfield code="a">PUBLIC</subfield>
    </datafield>
    <datafield tag="970" ind1=" " ind2=" ">
      <subfield code="a">002373792CER</subfield>
    </datafield>
    <datafield tag="980" ind1=" " ind2=" ">
      <subfield code="a">ARTICLE</subfield>
    </datafield>
    <datafield tag="999" ind1="C" ind2="5">
      <subfield code="o">[1]</subfield>
      <subfield code="m">N.Arkani-Hamed, S.Dimopoulos, G.Dvali and G.Gabadadze, Nonlocal modifica-tion of gravity and the cosmological constant problem,</subfield>
      <subfield code="r">hep-th/0209227</subfield>
    </datafield>
    <datafield tag="999" ind1="C" ind2="5">
      <subfield code="o">[2]</subfield>
      <subfield code="m">S.Weinberg,</subfield>
      <subfield code="s">Rev. Mod. Phys. 61 (1989) 1</subfield>
    </datafield>
    <datafield tag="999" ind1="C" ind2="5">
      <subfield code="o">[3]</subfield>
      <subfield code="m">M.K.Parikh and S.N.Solodukhin,</subfield>
      <subfield code="s">Phys. Lett. B 503 (2001) 384</subfield>
      <subfield code="r">hep-th/0012231</subfield>
    </datafield>
    <datafield tag="999" ind1="C" ind2="5">
      <subfield code="o">[4]</subfield>
      <subfield code="m">A.O.Barvinsky and G.A.Vilkovisky,</subfield>
      <subfield code="s">Nucl. Phys. B 282 (1987) 163</subfield>
    </datafield>
    <datafield tag="999" ind1="C" ind2="5">
      <subfield code="o">[5]</subfield>
      <subfield code="m">A.O.Barvinsky and G.A.Vilkovisky,</subfield>
      <subfield code="s">Nucl. Phys. B 333 (1990) 471</subfield>
    </datafield>
    <datafield tag="999" ind1="C" ind2="5">
      <subfield code="o">[6]</subfield>
      <subfield code="m">A.O.Barvinsky, Yu.V.Gusev, G.A.Vilkovisky and V.V.Zhytnikov,</subfield>
      <subfield code="s">J. Math. Phys. 35 (1994) 3525</subfield>
    </datafield>
    <datafield tag="999" ind1="C" ind2="5">
      <subfield code="o">[6]</subfield>
      <subfield code="s">J. Math. Phys. 35 (1994) 3543</subfield>
    </datafield>
    <datafield tag="999" ind1="C" ind2="5">
      <subfield code="o">[7]</subfield>
      <subfield code="m">A.Adams, J.McGreevy and E.Silverstein,</subfield>
      <subfield code="r">hep-th/0209226</subfield>
    </datafield>
    <datafield tag="999" ind1="C" ind2="5">
      <subfield code="o">[8]</subfield>
      <subfield code="m">R.Gregory, V.A.Rubakov and S.M.Sibiryakov,</subfield>
      <subfield code="s">Phys. Rev. Lett. 84 (2000) 5928</subfield>
      <subfield code="r">hep-th/0002072</subfield>
    </datafield>
    <datafield tag="999" ind1="C" ind2="5">
      <subfield code="o">[9]</subfield>
      <subfield code="m">G.Dvali, G.Gabadadze and M.Porrati, Phys. Rev. Lett. B : 485 (2000) 208,</subfield>
      <subfield code="r">hep-th/0005016</subfield>
    </datafield>
    <datafield tag="999" ind1="C" ind2="5">
      <subfield code="o">[10]</subfield>
      <subfield code="m">S.L.Dubovsky and V.A.Rubakov,</subfield>
      <subfield code="s">Phys. Rev. D 67 (2003) 104014</subfield>
      <subfield code="r">hep-th/0212222</subfield>
    </datafield>
    <datafield tag="999" ind1="C" ind2="5">
      <subfield code="o">[11]</subfield>
      <subfield code="m">A.O.Barvinsky,</subfield>
      <subfield code="s">Phys. Rev. D 65 (2002) 062003</subfield>
      <subfield code="r">hep-th/0107244</subfield>
    </datafield>
    <datafield tag="999" ind1="C" ind2="5">
      <subfield code="o">[12]</subfield>
      <subfield code="m">A.O.Barvinsky, A.Yu.Kamenshchik, A.Rathke and C.Kiefer,</subfield>
      <subfield code="s">Phys. Rev. D 67 (2003) 023513</subfield>
      <subfield code="r">hep-th/0206188</subfield>
    </datafield>
    <datafield tag="999" ind1="C" ind2="5">
      <subfield code="o">[13]</subfield>
      <subfield code="m">E.S. Fradkin and Astron. Astrophys. Tseytlin,</subfield>
      <subfield code="s">Phys. Lett. B 104 (1981) 377</subfield>
    </datafield>
    <datafield tag="999" ind1="C" ind2="5">
      <subfield code="o">[13]</subfield>
      <subfield code="m">A.O.Barvinsky and I.G.Avramidi,</subfield>
      <subfield code="s">Phys. Lett. B 159 (1985) 269</subfield>
    </datafield>
    <datafield tag="999" ind1="C" ind2="5">
      <subfield code="o">[14]</subfield>
      <subfield code="m">A.O.Barvinsky, A.Yu.Kamenshchik and I.P.Karmazin,</subfield>
      <subfield code="s">Phys. Rev. D 48 (1993) 3677</subfield>
      <subfield code="r">gr-qc/9302007</subfield>
    </datafield>
    <datafield tag="999" ind1="C" ind2="5">
      <subfield code="o">[15]</subfield>
      <subfield code="m">E.V.Gorbar and I.L.Shapiro,</subfield>
      <subfield code="s">J. High Energy Phys. 0302 (2003) 021</subfield>
    </datafield>
    <datafield tag="999" ind1="C" ind2="5">
      <subfield code="o">[16]</subfield>
      <subfield code="m">M.Porrati,</subfield>
      <subfield code="s">Phys. Lett. B 534 (2002) 209</subfield>
      <subfield code="r">hep-th/0203014</subfield>
    </datafield>
    <datafield tag="999" ind1="C" ind2="5">
      <subfield code="o">[17]</subfield>
      <subfield code="m">H. van Damm and M.J.Veltman, Nucl. Phys. D : 22 (1970) 397; V.I.Zakharov,</subfield>
      <subfield code="s">JETP Lett. 12 (1970) 312</subfield>
    </datafield>
    <datafield tag="999" ind1="C" ind2="5">
      <subfield code="o">[17]</subfield>
      <subfield code="m">M.Porrati,</subfield>
      <subfield code="s">Phys. Lett. B 498 (2001) 92</subfield>
      <subfield code="r">hep-th/0011152</subfield>
    </datafield>
    <datafield tag="999" ind1="C" ind2="5">
      <subfield code="o">[18]</subfield>
      <subfield code="m">A.O.Barvinsky, Yu.V.Gusev, V.F.Mukhanov and D.V.Nesterov, Nonperturbative late time asymptotics for heat kernel in gravity theory,</subfield>
      <subfield code="r">hep-th/0306052</subfield>
    </datafield>
    <datafield tag="999" ind1="C" ind2="5">
      <subfield code="o">[19]</subfield>
      <subfield code="m">A.Strominger,</subfield>
      <subfield code="s">J. High Energy Phys. 0110 (2001) 034</subfield>
      <subfield code="r">hep-th/0106113</subfield>
    </datafield>
    <datafield tag="999" ind1="C" ind2="5">
      <subfield code="o">[19]</subfield>
      <subfield code="s">J. High Energy Phys. 0111 (2001) 049</subfield>
      <subfield code="r">hep-th/0110087</subfield>
    </datafield>
    <datafield tag="999" ind1="C" ind2="5">
      <subfield code="o">[20]</subfield>
      <subfield code="m">J.Schwinger,</subfield>
      <subfield code="s">J. Math. Phys. 2 (1961) 407</subfield>
    </datafield>
    <datafield tag="999" ind1="C" ind2="5">
      <subfield code="o">[20]</subfield>
      <subfield code="m">J.L.Buchbinder, E.S.Fradkin and D.M.Gitman,</subfield>
      <subfield code="s">Fortschr. Phys. 29 (1981) 187</subfield>
    </datafield>
    <datafield tag="999" ind1="C" ind2="5">
      <subfield code="o">[20]</subfield>
      <subfield code="m">R.D.Jordan,</subfield>
      <subfield code="s">Phys. Rev. D 33 (1986) 444</subfield>
    </datafield>
    <datafield tag="999" ind1="C" ind2="5">
      <subfield code="o">[21]</subfield>
      <subfield code="m">C.Deffayet, G.Dvali and G.Gabadadze,</subfield>
      <subfield code="s">Phys. Rev. D 65 (2002) 044023</subfield>
      <subfield code="r">astro-ph/0105068</subfield>
    </datafield>
    <datafield tag="999" ind1="C" ind2="5">
      <subfield code="o">[22]</subfield>
      <subfield code="m">G.Dvali, A.Gruzinov and M.Zaldarriaga, The accelerated Universe and the Moon,</subfield>
      <subfield code="r">hep-ph/0212069</subfield>
    </datafield>
    <datafield tag="999" ind1="C" ind2="5">
      <subfield code="o">[23]</subfield>
      <subfield code="m">M.E.Soussa and R.P.Woodard, A nonlocal metric formulation of MOND,</subfield>
      <subfield code="r">astro-ph/0302030</subfield>
    </datafield>
    <datafield tag="999" ind1="C" ind2="5">
      <subfield code="o">[24]</subfield>
      <subfield code="m">M.Milgrom,</subfield>
      <subfield code="s">Astrophys. J. 270 (1983) 365</subfield>
    </datafield>
    <datafield tag="999" ind1="C" ind2="5">
      <subfield code="o">[24]</subfield>
      <subfield code="s">Astrophys. J. 270 (1983) 371</subfield>
    </datafield>
    <datafield tag="999" ind1="C" ind2="5">
      <subfield code="o">[24]</subfield>
      <subfield code="m">J.Bekenstein and M.Milgrom,</subfield>
      <subfield code="s">Astrophys. J. 286 (1984) 7</subfield>
    </datafield>
    <datafield tag="999" ind1="C" ind2="5">
      <subfield code="o">[25]</subfield>
      <subfield code="m">L.R.Abramo and R.P.Woodard,</subfield>
      <subfield code="s">Phys. Rev. D 65 (2002) 063516</subfield>
    </datafield>
    <datafield tag="999" ind1="C" ind2="5">
      <subfield code="o">[25]</subfield>
      <subfield code="m">V.K.Onemli and R.P.Woodard,</subfield>
      <subfield code="s">Class. Quantum Gravity 19 (2002) 4607</subfield>
      <subfield code="r">gr-qc/0204065</subfield>
    </datafield>
  </record>