
  <record>
    <controlfield tag="003">SzGeCERN</controlfield>
    <datafield tag="037" ind1=" " ind2=" ">
      <subfield code="a">hep-th/0307041</subfield>
    </datafield>
    <datafield tag="041" ind1=" " ind2=" ">
      <subfield code="a">eng</subfield>
    </datafield>
    <datafield tag="100" ind1=" " ind2=" ">
      <subfield code="a">Witten, Edward</subfield>
      <subfield code="u">Princeton University</subfield>
    </datafield>
    <datafield tag="245" ind1=" " ind2=" ">
      <subfield code="a">SL(2,Z) Action On Three-Dimensional Conformal Field Theories With Abelian Symmetry</subfield>
    </datafield>
    <datafield tag="260" ind1=" " ind2=" ">
      <subfield code="c">2003</subfield>
    </datafield>
    <datafield tag="269" ind1=" " ind2=" ">
      <subfield code="c">3 Jul 2003</subfield>
    </datafield>
    <datafield tag="300" ind1=" " ind2=" ">
      <subfield code="a">24 p</subfield>
    </datafield>
    <datafield tag="520" ind1=" " ind2=" ">
      <subfield code="a">On the space of three-dimensional conformal field theories with U(1) symmetry and a chosen coupling to a background gauge field, there is a natural action of the group SL(2,Z). The generator S of SL(2,Z) acts by letting the background gauge field become dynamical, an operation considered recently by Kapustin and Strassler. The other generator T acts by shifting the Chern-Simons coupling of the background field. This SL(2,Z) action in three dimensions is related by the AdS/CFT correspondence to SL(2,Z) duality of low energy U(1) gauge fields in four dimensions.</subfield>
    </datafield>
    <datafield tag="595" ind1=" " ind2=" ">
      <subfield code="a">LANL EDS</subfield>
    </datafield>
    <datafield tag="650" ind1="1" ind2="7">
      <subfield code="2">SzGeCERN</subfield>
      <subfield code="a">Particle Physics - Theory</subfield>
    </datafield>
    <datafield tag="690" ind1="C" ind2=" ">
      <subfield code="a">PREPRINT</subfield>
    </datafield>
    <datafield tag="695" ind1=" " ind2=" ">
      <subfield code="9">LANL EDS</subfield>
      <subfield code="a">High Energy Physics - Theory</subfield>
    </datafield>
    <datafield tag="720" ind1=" " ind2=" ">
      <subfield code="a">Witten, Edward</subfield>
    </datafield>
    <datafield tag="FFT" ind1=" " ind2=" ">
      <subfield code="a">http://invenio-software.org/download/invenio-demo-site-files/0307041.pdf</subfield>
    </datafield>
    <datafield tag="FFT" ind1=" " ind2=" ">
      <subfield code="a">http://invenio-software.org/download/invenio-demo-site-files/0307041.ps.gz</subfield>
    </datafield>
    <datafield tag="859" ind1=" " ind2=" ">
      <subfield code="f">witten@ias.edu</subfield>
    </datafield>
    <datafield tag="916" ind1=" " ind2=" ">
      <subfield code="s">n</subfield>
      <subfield code="w">200327</subfield>
    </datafield>
    <datafield tag="960" ind1=" " ind2=" ">
      <subfield code="a">11</subfield>
    </datafield>
    <datafield tag="961" ind1=" " ind2=" ">
      <subfield code="c">20061123</subfield>
      <subfield code="h">0917</subfield>
      <subfield code="l">CER01</subfield>
      <subfield code="x">20030704</subfield>
    </datafield>
    <datafield tag="963" ind1=" " ind2=" ">
      <subfield code="a">PUBLIC</subfield>
    </datafield>
    <datafield tag="970" ind1=" " ind2=" ">
      <subfield code="a">002385282CER</subfield>
    </datafield>
    <datafield tag="980" ind1=" " ind2=" ">
      <subfield code="a">PREPRINT</subfield>
    </datafield>
    <datafield tag="999" ind1="C" ind2="5">
      <subfield code="o">[1]</subfield>
      <subfield code="m">C. Burgess and B. P. Dolan, "Particle Vortex Duality And The Modular Group Applications To The Quantum Hall Effect And Other 2-D Systems,"</subfield>
      <subfield code="r">hep-th/0010246</subfield>
    </datafield>
    <datafield tag="999" ind1="C" ind2="5">
      <subfield code="o">[2]</subfield>
      <subfield code="m">A. Shapere and F. Wilczek, "Self-Dual Models With Theta Terms,"</subfield>
      <subfield code="s">Nucl. Phys. B 320 (1989) 669</subfield>
    </datafield>
    <datafield tag="999" ind1="C" ind2="5">
      <subfield code="o">[3]</subfield>
      <subfield code="m">S. J. Rey and A. Zee, "Self-Duality Of Three-Dimensional Chern-Simons Theory,"</subfield>
      <subfield code="s">Nucl. Phys. B 352 (1991) 897</subfield>
    </datafield>
    <datafield tag="999" ind1="C" ind2="5">
      <subfield code="o">[4]</subfield>
      <subfield code="m">C. A. Lutken and G. G. Ross, "Duality In The Quantum Hall System,"</subfield>
      <subfield code="s">Phys. Rev. B 45 (1992) 11837</subfield>
    </datafield>
    <datafield tag="999" ind1="C" ind2="5">
      <subfield code="o">[4]</subfield>
      <subfield code="s">Phys. Rev. B 48 (1993) 2500</subfield>
    </datafield>
    <datafield tag="999" ind1="C" ind2="5">
      <subfield code="o">[5]</subfield>
      <subfield code="m">D.-H. Lee, S. Kivelson, and S.-C. Zhang,</subfield>
      <subfield code="s">Phys. Lett. 68 (1992) 2386</subfield>
    </datafield>
    <datafield tag="999" ind1="C" ind2="5">
      <subfield code="o">[5]</subfield>
      <subfield code="s">Phys. Rev. B 46 (1992) 2223</subfield>
    </datafield>
    <datafield tag="999" ind1="C" ind2="5">
      <subfield code="o">[6]</subfield>
      <subfield code="m">C. A. Lutken, "Geometry Of Renormalization Group Flows Constrained By Discrete Global Symmetries,"</subfield>
      <subfield code="s">Nucl. Phys. B 396 (1993) 670</subfield>
    </datafield>
    <datafield tag="999" ind1="C" ind2="5">
      <subfield code="o">[7]</subfield>
      <subfield code="m">B. P. Dolan, "Duality And The Modular Group In The Quantum Hall Effect,"</subfield>
      <subfield code="s">J. Phys. A 32 (1999) L243</subfield>
      <subfield code="r">cond-mat/9805171</subfield>
    </datafield>
    <datafield tag="999" ind1="C" ind2="5">
      <subfield code="o">[8]</subfield>
      <subfield code="m">C. P. Burgess, R. Dib, and B. P. Dolan,</subfield>
      <subfield code="s">Phys. Rev. B 62 (2000) 15359</subfield>
      <subfield code="r">cond-mat/9911476</subfield>
    </datafield>
    <datafield tag="999" ind1="C" ind2="5">
      <subfield code="o">[9]</subfield>
      <subfield code="m">A. Zee, "Quantum Hall Fluids,"</subfield>
      <subfield code="r">cond-mat/9501022</subfield>
    </datafield>
    <datafield tag="999" ind1="C" ind2="5">
      <subfield code="o">[10]</subfield>
      <subfield code="m">A. Kapustin and M. Strassler, "On Mirror Symmetry In Three Dimensional Abelian Gauge Theories,"</subfield>
      <subfield code="r">hep-th/9902033</subfield>
    </datafield>
    <datafield tag="999" ind1="C" ind2="5">
      <subfield code="o">[11]</subfield>
      <subfield code="m">K. Intriligator and N. Seiberg, "Mirror Symmetry In Three-Dimensional Gauge The-ories,"</subfield>
      <subfield code="s">Phys. Lett. B 387 (1996) 512</subfield>
      <subfield code="r">hep-th/9607207</subfield>
    </datafield>
    <datafield tag="999" ind1="C" ind2="5">
      <subfield code="o">[12]</subfield>
      <subfield code="m">J. Cardy and E. Rabinovici, "Phase Structure Of Z. Phys. Models In The Presence Of A Theta Parameter,"</subfield>
      <subfield code="s">Nucl. Phys. B 205 (1982) 1</subfield>
    </datafield>
    <datafield tag="999" ind1="C" ind2="5">
      <subfield code="o">[12]</subfield>
      <subfield code="m">J. Cardy, "Duality And The Theta Parameter In Abelian Lattice Models,"</subfield>
      <subfield code="s">Nucl. Phys. B 205 (1982) 17</subfield>
    </datafield>
    <datafield tag="999" ind1="C" ind2="5">
      <subfield code="o">[13]</subfield>
      <subfield code="m">C. Vafa and E. Witten, "A Strong Coupling Test Of S-Duality,"</subfield>
      <subfield code="s">Nucl. Phys. B 431 (1994) 3</subfield>
      <subfield code="r">hep-th/9408074</subfield>
    </datafield>
    <datafield tag="999" ind1="C" ind2="5">
      <subfield code="o">[14]</subfield>
      <subfield code="m">E. Witten, "On S Duality In Abelian Gauge Theory," Selecta Mathematica : 1 (1995) 383,</subfield>
      <subfield code="r">hep-th/9505186</subfield>
    </datafield>
    <datafield tag="999" ind1="C" ind2="5">
      <subfield code="o">[15]</subfield>
      <subfield code="m">S. Deser, R. Jackiw, and S. Templeton, "Topologically Massive Gauge Theories,"</subfield>
      <subfield code="s">Ann. Phys. 140 (1982) 372</subfield>
    </datafield>
    <datafield tag="999" ind1="C" ind2="5">
      <subfield code="o">[16]</subfield>
      <subfield code="m">E. Guadagnini, M. Martinelli, and M. Mintchev, "Scale-Invariant SIGMA, Symmetry Integrability Geom. Methods Appl. Models On Homogeneous Spaces,"</subfield>
      <subfield code="s">Phys. Lett. B 194 (1987) 69</subfield>
    </datafield>
    <datafield tag="999" ind1="C" ind2="5">
      <subfield code="o">[17]</subfield>
      <subfield code="m">K. Bardacki, E. Rabinovici, and B. Saring,</subfield>
      <subfield code="s">Nucl. Phys. B 299 (1988) 157</subfield>
    </datafield>
    <datafield tag="999" ind1="C" ind2="5">
      <subfield code="o">[18]</subfield>
      <subfield code="m">D. Karabali, Q.-H. Park, H. J. Schnitzer, and Z. Yang,</subfield>
      <subfield code="s">Phys. Lett. B 216 (1989) 307</subfield>
    </datafield>
    <datafield tag="999" ind1="C" ind2="5">
      <subfield code="o">[18]</subfield>
      <subfield code="m">H. J. Schnitzer,</subfield>
      <subfield code="s">Nucl. Phys. B 324 (1989) 412</subfield>
    </datafield>
    <datafield tag="999" ind1="C" ind2="5">
      <subfield code="o">[18]</subfield>
      <subfield code="m">D. Karabali and H. J. Schnitzer,</subfield>
      <subfield code="s">Nucl. Phys. B 329 (1990) 649</subfield>
    </datafield>
    <datafield tag="999" ind1="C" ind2="5">
      <subfield code="o">[19]</subfield>
      <subfield code="m">T. Appelquist and R. D. Pisarski, "Hot Yang-Mills Theories And Three-Dimensional QCD,"</subfield>
      <subfield code="s">Phys. Rev. D 23 (1981) 2305</subfield>
    </datafield>
    <datafield tag="999" ind1="C" ind2="5">
      <subfield code="o">[20]</subfield>
      <subfield code="m">R. Jackiw and S. Templeton, "How Superrenormalizable Interactions Cure Their In-frared Divergences,"</subfield>
      <subfield code="s">Phys. Rev. D 23 (1981) 2291</subfield>
    </datafield>
    <datafield tag="999" ind1="C" ind2="5">
      <subfield code="o">[21]</subfield>
      <subfield code="m">S. Templeton, "Summation Of Dominant Coupling Constant Logarithms In QED In Three Dimensions,"</subfield>
      <subfield code="s">Phys. Lett. B 103 (1981) 134</subfield>
    </datafield>
    <datafield tag="999" ind1="C" ind2="5">
      <subfield code="o">[21]</subfield>
      <subfield code="m">"Summation Of Coupling Constant Logarithms In QED In Three Dimensions,"</subfield>
      <subfield code="s">Phys. Rev. D 24 (1981) 3134</subfield>
    </datafield>
    <datafield tag="999" ind1="C" ind2="5">
      <subfield code="o">[22]</subfield>
      <subfield code="m">T. Appelquist and U. W. Heinz,"Three-Dimensional O(N) Theories At Large Dis-tances,"</subfield>
      <subfield code="s">Phys. Rev. D 24 (1981) 2169</subfield>
    </datafield>
    <datafield tag="999" ind1="C" ind2="5">
      <subfield code="o">[23]</subfield>
      <subfield code="m">D. Anselmi, "Large N Expansion, Conformal Field Theory, And Renormalization Group Flows In Three Dimensions,"</subfield>
      <subfield code="s">J. High Energy Phys. 0006 (2000) 042</subfield>
      <subfield code="r">hep-th/0005261</subfield>
    </datafield>
    <datafield tag="999" ind1="C" ind2="5">
      <subfield code="o">[24]</subfield>
      <subfield code="m">V. Borokhov, A. Kapustin, and X. Wu, "Topological Disorder Operators In Three-Dimensional Conformal Field Theory,"</subfield>
      <subfield code="r">hep-th/0206054</subfield>
    </datafield>
    <datafield tag="999" ind1="C" ind2="5">
      <subfield code="o">[25]</subfield>
      <subfield code="m">V. Borokhov, A. Kapustin, and X. Wu, "Monopole Operators And Mirror Symmetry In Three Dimensions,"</subfield>
      <subfield code="s">J. High Energy Phys. 0212 (2002) 044</subfield>
      <subfield code="r">hep-th/0207074</subfield>
    </datafield>
    <datafield tag="999" ind1="C" ind2="5">
      <subfield code="o">[26]</subfield>
      <subfield code="m">P. Breitenlohner and D. Z. Freedman, "Stability In Gauged Extended Supergravity,"</subfield>
      <subfield code="s">Ann. Phys. 144 (1982) 249</subfield>
    </datafield>
    <datafield tag="999" ind1="C" ind2="5">
      <subfield code="o">[27]</subfield>
      <subfield code="m">I. R. Klebanov and E. Witten, "AdS/CFT Correspondence And Symmetry Breaking,"</subfield>
      <subfield code="s">Nucl. Phys. B 536 (1998) 199</subfield>
      <subfield code="r">hep-th/9905104</subfield>
    </datafield>
    <datafield tag="999" ind1="C" ind2="5">
      <subfield code="o">[28]</subfield>
      <subfield code="m">R. Jackiw, "Topological Investigations Of Quantized Gauge Theories," in Current Algebra And Anomalies, ed. S. B. Treiman et. al. (World-Scientific, 1985).</subfield>
    </datafield>
    <datafield tag="999" ind1="C" ind2="5">
      <subfield code="o">[29]</subfield>
      <subfield code="m">A. Schwarz, "The Partition Function Of A Degenerate Functional,"</subfield>
      <subfield code="s">Commun. Math. Phys. 67 (1979) 1</subfield>
    </datafield>
    <datafield tag="999" ind1="C" ind2="5">
      <subfield code="o">[30]</subfield>
      <subfield code="m">M. Rocek and E. Verlinde, "Duality, Quotients, and Currents,"</subfield>
      <subfield code="s">Nucl. Phys. B 373 (1992) 630</subfield>
      <subfield code="r">hep-th/9110053</subfield>
    </datafield>
    <datafield tag="999" ind1="C" ind2="5">
      <subfield code="o">[31]</subfield>
      <subfield code="m">S. Elitzur, G. Moore, A. Schwimmer, and N. Seiberg, "Remarks On The Canonical Quantization Of The Chern-Simons-Witten Theory,"</subfield>
      <subfield code="s">Nucl. Phys. B 326 (1989) 108</subfield>
    </datafield>
    <datafield tag="999" ind1="C" ind2="5">
      <subfield code="o">[32]</subfield>
      <subfield code="m">E. Witten, "Quantum Field Theory And The Jones Polynomial,"</subfield>
      <subfield code="s">Commun. Math. Phys. 121 (1989) 351</subfield>
    </datafield>
    <datafield tag="999" ind1="C" ind2="5">
      <subfield code="o">[33]</subfield>
      <subfield code="m">N. Redlich, "Parity Violation And Gauge Non-Invariance Of The Effective Gauge Field Action In Three Dimensions,"</subfield>
      <subfield code="s">Phys. Rev. D 29 (1984) 2366</subfield>
    </datafield>
    <datafield tag="999" ind1="C" ind2="5">
      <subfield code="o">[34]</subfield>
      <subfield code="m">E. Witten, "Multi-Trace Operators, Boundary Conditions, and AdS/CFT Correspon-dence,"</subfield>
      <subfield code="r">hep-th/0112258</subfield>
    </datafield>
    <datafield tag="999" ind1="C" ind2="5">
      <subfield code="o">[35]</subfield>
      <subfield code="m">M. Berkooz, A. Sever, and A. Shomer, "Double-trace Deformations, Boundary Con-ditions, and Spacetime Singularities,"</subfield>
      <subfield code="s">J. High Energy Phys. 05 (2002) 034</subfield>
      <subfield code="r">hep-th/0112264</subfield>
    </datafield>
    <datafield tag="999" ind1="C" ind2="5">
      <subfield code="o">[36]</subfield>
      <subfield code="m">P. Minces, "Multi-trace Operators And The Generalized AdS/CFT Prescription,"</subfield>
      <subfield code="r">hep-th/0201172</subfield>
    </datafield>
    <datafield tag="999" ind1="C" ind2="5">
      <subfield code="o">[37]</subfield>
      <subfield code="m">O. Aharony, M. Berkooz, and E. Silverstein, "Multiple Trace Operators And Non-Local String Theories,"</subfield>
      <subfield code="s">J. High Energy Phys. 08 (2001) 006</subfield>
    </datafield>
    <datafield tag="999" ind1="C" ind2="5">
      <subfield code="o">[38]</subfield>
      <subfield code="m">V. K. Dobrev, "Intertwining Operator Realization Of The AdS/CFT Correspon-dence,"</subfield>
      <subfield code="s">Nucl. Phys. B 553 (1999) 559</subfield>
      <subfield code="r">hep-th/9812194</subfield>
    </datafield>
    <datafield tag="999" ind1="C" ind2="5">
      <subfield code="o">[39]</subfield>
      <subfield code="m">I. R. Klebanov, "Touching Random Surfaces And Liouville Theory,"</subfield>
      <subfield code="s">Phys. Rev. D 51 (1995) 1836</subfield>
      <subfield code="r">hep-th/9407167</subfield>
    </datafield>
    <datafield tag="999" ind1="C" ind2="5">
      <subfield code="o">[39]</subfield>
      <subfield code="m">I. R. Klebanov and A. Hashimoto, "Non-perturbative Solution Of Matrix Models Modified By Trace Squared Terms,"</subfield>
      <subfield code="s">Nucl. Phys. B 434 (1995) 264</subfield>
      <subfield code="r">hep-th/9409064</subfield>
    </datafield>
    <datafield tag="999" ind1="C" ind2="5">
      <subfield code="o">[40]</subfield>
      <subfield code="m">S. Gubser and I. Mitra, "Double-trace Operators And One-Loop Vacuum Energy In AdS/CFT,"</subfield>
      <subfield code="r">hep-th/0210093</subfield>
      <subfield code="s">Phys.Rev. D67 (2003) 064018</subfield>
    </datafield>
    <datafield tag="999" ind1="C" ind2="5">
      <subfield code="o">[41]</subfield>
      <subfield code="m">S. Gubser and I. R. Klebanov, "A Universal Result On Central Charges In The Presence Of Double-Trace Deformations,"</subfield>
      <subfield code="s">Nucl.Phys. B656 (2003) 23</subfield>
      <subfield code="r">hep-th/0212138</subfield>
    </datafield>
  </record>