
  <record>
    <controlfield tag="003">SzGeCERN</controlfield>
    <controlfield tag="005">20070403111954.0</controlfield>
    <datafield tag="037" ind1=" " ind2=" ">
      <subfield code="a">hep-th/0402130</subfield>
    </datafield>
    <datafield tag="041" ind1=" " ind2=" ">
      <subfield code="a">eng</subfield>
    </datafield>
    <datafield tag="088" ind1=" " ind2=" ">
      <subfield code="a">NYU-TH-2004-02-17</subfield>
    </datafield>
    <datafield tag="100" ind1=" " ind2=" ">
      <subfield code="a">Dvali, G</subfield>
      <subfield code="u">New York University</subfield>
    </datafield>
    <datafield tag="245" ind1=" " ind2=" ">
      <subfield code="a">Filtering Gravity: Modification at Large Distances?</subfield>
    </datafield>
    <datafield tag="246" ind1=" " ind2=" ">
      <subfield code="a">Infrared Modification of Gravity</subfield>
      <subfield code="i">Preprint title</subfield>
    </datafield>
    <datafield tag="260" ind1=" " ind2=" ">
      <subfield code="c">2005</subfield>
    </datafield>
    <datafield tag="269" ind1=" " ind2=" ">
      <subfield code="a">New York, NY</subfield>
      <subfield code="b">New York Univ. Dept. Phys.</subfield>
      <subfield code="c">17 Feb 2004</subfield>
    </datafield>
    <datafield tag="300" ind1=" " ind2=" ">
      <subfield code="a">18 p</subfield>
    </datafield>
    <datafield tag="520" ind1=" " ind2=" ">
      <subfield code="a">In this lecture I address the issue of possible large distance modification of gravity and its observational consequences. Although, for the illustrative purposes we focus on a particular simple generally-covariant example, our conclusions are rather general and apply to large class of theories in which, already at the Newtonian level, gravity changes the regime at a certain very large crossover distance $r_c$. In such theories the cosmological evolution gets dramatically modified at the crossover scale, usually exhibiting a "self-accelerated" expansion, which can be differentiated from more conventional "dark energy" scenarios by precision cosmology. However, unlike the latter scenarios, theories of modified-gravity are extremely constrained (and potentially testable) by the precision gravitational measurements at much shorter scales. Despite the presence of extra polarizations of graviton, the theory is compatible with observations, since the naive perturbative expansion in Newton's constant breaks down at a certain intermediate scale. This happens because the extra polarizations have couplings singular in $1/r_c$. However, the correctly resummed non-linear solutions are regular and exhibit continuous Einsteinian limit. Contrary to the naive expectation, explicit examples indicate that the resummed solutions remain valid after the ultraviolet completion of the theory, with the loop corrections taken into account.</subfield>
    </datafield>
    <datafield tag="595" ind1=" " ind2=" ">
      <subfield code="a">LANL EDS</subfield>
    </datafield>
    <datafield tag="595" ind1=" " ind2=" ">
      <subfield code="a">SIS:200704 PR/LKR added</subfield>
    </datafield>
    <datafield tag="650" ind1="1" ind2="7">
      <subfield code="2">SzGeCERN</subfield>
      <subfield code="a">Particle Physics - Theory</subfield>
    </datafield>
    <datafield tag="690" ind1="C" ind2=" ">
      <subfield code="a">ARTICLE</subfield>
    </datafield>
    <datafield tag="695" ind1=" " ind2=" ">
      <subfield code="9">LANL EDS</subfield>
      <subfield code="a">High Energy Physics - Theory</subfield>
    </datafield>
    <datafield tag="720" ind1=" " ind2=" ">
      <subfield code="a">Dvali, Gia</subfield>
    </datafield>
    <datafield tag="909" ind1="C" ind2="4">
      <subfield code="c">92-98</subfield>
      <subfield code="p">Phys. Scr. Top. Issues</subfield>
      <subfield code="v">T117</subfield>
      <subfield code="y">2005</subfield>
    </datafield>
    <datafield tag="FFT" ind1=" " ind2=" ">
      <subfield code="a">http://invenio-software.org/download/invenio-demo-site-files/0402130.pdf</subfield>
    </datafield>
    <datafield tag="916" ind1=" " ind2=" ">
      <subfield code="s">n</subfield>
      <subfield code="w">200408</subfield>
    </datafield>
    <datafield tag="960" ind1=" " ind2=" ">
      <subfield code="a">13</subfield>
    </datafield>
    <datafield tag="961" ind1=" " ind2=" ">
      <subfield code="c">20070425</subfield>
      <subfield code="h">1019</subfield>
      <subfield code="l">CER01</subfield>
      <subfield code="x">20040218</subfield>
    </datafield>
    <datafield tag="962" ind1=" " ind2=" ">
      <subfield code="b">002414101</subfield>
      <subfield code="k">92-98</subfield>
      <subfield code="n">sigtuna20030814</subfield>
    </datafield>
    <datafield tag="963" ind1=" " ind2=" ">
      <subfield code="a">PUBLIC</subfield>
    </datafield>
    <datafield tag="970" ind1=" " ind2=" ">
      <subfield code="a">002426503CER</subfield>
    </datafield>
    <datafield tag="980" ind1=" " ind2=" ">
      <subfield code="a">ARTICLE</subfield>
    </datafield>
    <datafield tag="999" ind1="C" ind2="5">
      <subfield code="o">[1]</subfield>
      <subfield code="m">G. Dvali, G. Gabadadze and M. Porrati,</subfield>
      <subfield code="s">Phys. Lett. B 485 (2000) 208</subfield>
      <subfield code="r">hep-th/0005016</subfield>
    </datafield>
    <datafield tag="999" ind1="C" ind2="5">
      <subfield code="o">[1]</subfield>
      <subfield code="m">G. R. Dvali and G. Gabadadze,</subfield>
      <subfield code="s">Phys. Rev. D 63 (2001) 065007</subfield>
      <subfield code="r">hep-th/0008054</subfield>
    </datafield>
    <datafield tag="999" ind1="C" ind2="5">
      <subfield code="o">[2]</subfield>
      <subfield code="m">G. Dvali, G. Gabadadze, M. Kolanovic and F. Nitti,</subfield>
      <subfield code="s">Phys. Rev. D 65 (2002) 024031</subfield>
      <subfield code="r">hep-ph/0106058</subfield>
    </datafield>
    <datafield tag="999" ind1="C" ind2="5">
      <subfield code="o">[3]</subfield>
      <subfield code="m">G. Dvali, G. Gabadadze, M. Kolanovic and F. Nitti,</subfield>
      <subfield code="s">Phys. Rev. D 64 (2001) 084004</subfield>
      <subfield code="r">hep-ph/0102216</subfield>
    </datafield>
    <datafield tag="999" ind1="C" ind2="5">
      <subfield code="o">[4]</subfield>
      <subfield code="m">C. Deffayet, G. Dvali and G. Gabadadze,</subfield>
      <subfield code="s">Phys. Rev. D 65 (2002) 044023</subfield>
      <subfield code="r">astro-ph/0105068</subfield>
    </datafield>
    <datafield tag="999" ind1="C" ind2="5">
      <subfield code="o">[5]</subfield>
      <subfield code="m">C. Deffayet,</subfield>
      <subfield code="s">Phys. Lett. B 502 (2001) 199</subfield>
      <subfield code="r">hep-th/0010186</subfield>
    </datafield>
    <datafield tag="999" ind1="C" ind2="5">
      <subfield code="o">[6]</subfield>
      <subfield code="m">A. G. Riess et al. [Supernova Search Team Collaboration],</subfield>
      <subfield code="s">Astron. J. 116 (1998) 1009</subfield>
      <subfield code="r">astro-ph/9805201</subfield>
    </datafield>
    <datafield tag="999" ind1="C" ind2="5">
      <subfield code="o">[6]</subfield>
      <subfield code="m">S. Perlmutter et al. [Supernova Cosmology Project Collaboration],</subfield>
      <subfield code="s">Astrophys. J. 517 (1999) 565</subfield>
      <subfield code="r">astro-ph/9812133</subfield>
    </datafield>
    <datafield tag="999" ind1="C" ind2="5">
      <subfield code="o">[7]</subfield>
      <subfield code="m">G. Dvali and M. Turner,</subfield>
      <subfield code="r">astro-ph/0301510</subfield>
    </datafield>
    <datafield tag="999" ind1="C" ind2="5">
      <subfield code="o">[8]</subfield>
      <subfield code="m">H. van Dam and M. Veltman,</subfield>
      <subfield code="s">Nucl. Phys. B 22 (1970) 397</subfield>
    </datafield>
    <datafield tag="999" ind1="C" ind2="5">
      <subfield code="o">[9]</subfield>
      <subfield code="m">V. I. Zakharov,</subfield>
      <subfield code="s">JETP Lett. 12 (1970) 312</subfield>
    </datafield>
    <datafield tag="999" ind1="C" ind2="5">
      <subfield code="o">[10]</subfield>
      <subfield code="m">A. I. Vainshtein,</subfield>
      <subfield code="s">Phys. Lett. B 39 (1972) 393</subfield>
    </datafield>
    <datafield tag="999" ind1="C" ind2="5">
      <subfield code="o">[11]</subfield>
      <subfield code="m">C. Deffayet, G. Dvali, G. Gabadadze and A. I. Vainshtein,</subfield>
      <subfield code="s">Phys. Rev. D 65 (2002) 044026</subfield>
      <subfield code="r">hep-th/0106001</subfield>
    </datafield>
    <datafield tag="999" ind1="C" ind2="5">
      <subfield code="o">[12]</subfield>
      <subfield code="m">N. Arkani-Hamed, H. Georgi and M.D. Schwartz,</subfield>
      <subfield code="s">Ann. Phys. 305 (2003) 96</subfield>
      <subfield code="r">hep-th/0210184</subfield>
    </datafield>
    <datafield tag="999" ind1="C" ind2="5">
      <subfield code="o">[13]</subfield>
      <subfield code="m">D. G..Boulware and S. Deser.,</subfield>
      <subfield code="s">Phys. Rev. D 6 (1972) 3368</subfield>
    </datafield>
    <datafield tag="999" ind1="C" ind2="5">
      <subfield code="o">[14]</subfield>
      <subfield code="m">G. Gabadadze and A. Gruzinov,</subfield>
      <subfield code="s">Phys.Rev. D72 (2005) 124007</subfield>
      <subfield code="r">hep-th/0312074</subfield>
    </datafield>
    <datafield tag="999" ind1="C" ind2="5">
      <subfield code="o">[15]</subfield>
      <subfield code="m">M. A. Luty, M. Porrati and R. Rattazzi,</subfield>
      <subfield code="s">J. High Energy Phys. 0309 (2003) 029</subfield>
      <subfield code="r">hep-th/0303116</subfield>
    </datafield>
    <datafield tag="999" ind1="C" ind2="5">
      <subfield code="o">[16]</subfield>
      <subfield code="m">A. Lue,</subfield>
      <subfield code="s">Phys. Rev. D 66 (2002) 043509</subfield>
      <subfield code="r">hep-th/0111168</subfield>
    </datafield>
    <datafield tag="999" ind1="C" ind2="5">
      <subfield code="o">[17]</subfield>
      <subfield code="m">A. Gruzinov,</subfield>
      <subfield code="r">astro-ph/0112246</subfield>
      <subfield code="s">New Astron. 10 (2005) 311</subfield>
    </datafield>
    <datafield tag="999" ind1="C" ind2="5">
      <subfield code="o">[18]</subfield>
      <subfield code="m">S. Corley, D.A.Lowe and S. Ramgoolam,</subfield>
      <subfield code="s">J. High Energy Phys. 0107 (2001) 030</subfield>
      <subfield code="r">hep-th/0106067</subfield>
    </datafield>
    <datafield tag="999" ind1="C" ind2="5">
      <subfield code="o">[19]</subfield>
      <subfield code="m">I. Antoniadis, R. Minasian and P. Vanhove,</subfield>
      <subfield code="s">Nucl. Phys. B 648 (2003) 69</subfield>
      <subfield code="r">hep-th/0209030</subfield>
    </datafield>
    <datafield tag="999" ind1="C" ind2="5">
      <subfield code="o">[20]</subfield>
      <subfield code="m">R. L. Davis,</subfield>
      <subfield code="s">Phys. Rev. D 35 (1987) 3705</subfield>
    </datafield>
    <datafield tag="999" ind1="C" ind2="5">
      <subfield code="o">[21]</subfield>
      <subfield code="m">G. Dvali, A. Gruzinov and M. Zaldarriaga,</subfield>
      <subfield code="s">Phys. Rev. D 68 (2003) 024012</subfield>
      <subfield code="r">hep-ph/0212069</subfield>
    </datafield>
    <datafield tag="999" ind1="C" ind2="5">
      <subfield code="o">[22]</subfield>
      <subfield code="m">A. Lue and G. Starkman,</subfield>
      <subfield code="s">Phys. Rev. D 67 (2003) 064002</subfield>
      <subfield code="r">astro-ph/0212083</subfield>
    </datafield>
    <datafield tag="999" ind1="C" ind2="5">
      <subfield code="o">[23]</subfield>
      <subfield code="m">E. Adelberger (2002). Private communication.</subfield>
    </datafield>
    <datafield tag="999" ind1="C" ind2="5">
      <subfield code="o">[24]</subfield>
      <subfield code="m">T. Damour, I. I. Kogan, A. Papazoglou,</subfield>
      <subfield code="s">Phys. Rev. D 66 (2002) 104025</subfield>
      <subfield code="r">hep-th/0206044</subfield>
    </datafield>
    <datafield tag="999" ind1="C" ind2="5">
      <subfield code="o">[25]</subfield>
      <subfield code="m">G. Dvali, G. Gabadadze and M. Shifman,</subfield>
      <subfield code="s">Phys. Rev. D 67 (2003) 044020</subfield>
      <subfield code="r">hep-th/0202174</subfield>
    </datafield>
    <datafield tag="999" ind1="C" ind2="5">
      <subfield code="o">[26]</subfield>
      <subfield code="m">A. Adams, J. McGreevy and E. Silverstein,</subfield>
      <subfield code="r">hep-th/0209226</subfield>
    </datafield>
    <datafield tag="999" ind1="C" ind2="5">
      <subfield code="o">[27]</subfield>
      <subfield code="m">N. Arkani-Hamed, S. Dimopoulos, G. Dvali and G. Gabadadze,</subfield>
      <subfield code="r">hep-th/0209227</subfield>
    </datafield>
    <datafield tag="999" ind1="C" ind2="5">
      <subfield code="o">[28]</subfield>
      <subfield code="m">S.M. Carrol, V. Duvvuri, M. Trodden and M.S. Turner,</subfield>
      <subfield code="r">astro-ph/0306438</subfield>
      <subfield code="s">Phys.Rev. D70 (2004) 043528</subfield>
    </datafield>
    <datafield tag="999" ind1="C" ind2="5">
      <subfield code="o">[29]</subfield>
      <subfield code="m">G.Gabadadze and M. Shifman,</subfield>
      <subfield code="r">hep-th/0312289</subfield>
      <subfield code="s">Phys.Rev. D69 (2004) 124032</subfield>
    </datafield>
    <datafield tag="999" ind1="C" ind2="5">
      <subfield code="o">[30]</subfield>
      <subfield code="m">M.Porrati and G. W. Rombouts,</subfield>
      <subfield code="r">hep-th/0401211</subfield>
      <subfield code="s">Phys.Rev. D69 (2004) 122003</subfield>
    </datafield>
  </record>