
  <record>
    <controlfield tag="003">SzGeCERN</controlfield>
    <controlfield tag="005">20060124104603.0</controlfield>
    <datafield tag="037" ind1=" " ind2=" ">
      <subfield code="a">hep-th/0501145</subfield>
    </datafield>
    <datafield tag="041" ind1=" " ind2=" ">
      <subfield code="a">eng</subfield>
    </datafield>
    <datafield tag="100" ind1=" " ind2=" ">
      <subfield code="a">Durin, B</subfield>
      <subfield code="u">LPTHE</subfield>
    </datafield>
    <datafield tag="245" ind1=" " ind2=" ">
      <subfield code="a">Closed strings in Misner space: a toy model for a Big Bounce ?</subfield>
    </datafield>
    <datafield tag="260" ind1=" " ind2=" ">
      <subfield code="c">2005</subfield>
    </datafield>
    <datafield tag="269" ind1=" " ind2=" ">
      <subfield code="c">19 Jan 2005</subfield>
    </datafield>
    <datafield tag="520" ind1=" " ind2=" ">
      <subfield code="a">Misner space, also known as the Lorentzian orbifold $R^{1,1}/boost$, is one of the simplest examples of a cosmological singularity in string theory. In this lecture, we review the semi-classical propagation of closed strings in this background, with a particular emphasis on the twisted sectors of the orbifold. Tree-level scattering amplitudes and the one-loop vacuum amplitude are also discussed.</subfield>
    </datafield>
    <datafield tag="595" ind1=" " ind2=" ">
      <subfield code="a">LANL EDS</subfield>
    </datafield>
    <datafield tag="595" ind1=" " ind2=" ">
      <subfield code="a">SIS LANLPUBL2006</subfield>
    </datafield>
    <datafield tag="595" ind1=" " ind2=" ">
      <subfield code="a">SIS:2006 PR/LKR added</subfield>
    </datafield>
    <datafield tag="650" ind1="1" ind2="7">
      <subfield code="2">SzGeCERN</subfield>
      <subfield code="a">Particle Physics - Theory</subfield>
    </datafield>
    <datafield tag="690" ind1="C" ind2=" ">
      <subfield code="a">ARTICLE</subfield>
    </datafield>
    <datafield tag="695" ind1=" " ind2=" ">
      <subfield code="9">LANL EDS</subfield>
      <subfield code="a">High Energy Physics - Theory</subfield>
    </datafield>
    <datafield tag="700" ind1=" " ind2=" ">
      <subfield code="a">Pioline, B</subfield>
    </datafield>
    <datafield tag="720" ind1=" " ind2=" ">
      <subfield code="a">Durin, Bruno</subfield>
    </datafield>
    <datafield tag="720" ind1=" " ind2=" ">
      <subfield code="a">Pioline, Boris</subfield>
    </datafield>
    <datafield tag="FFT" ind1=" " ind2=" ">
      <subfield code="a">http://invenio-software.org/download/invenio-demo-site-files/0501145.pdf</subfield>
    </datafield>
    <datafield tag="901" ind1=" " ind2=" ">
      <subfield code="u">LPTHE</subfield>
    </datafield>
    <datafield tag="901" ind1=" " ind2=" ">
      <subfield code="u">LPTHE, Lptens</subfield>
    </datafield>
    <datafield tag="916" ind1=" " ind2=" ">
      <subfield code="s">n</subfield>
      <subfield code="w">200503</subfield>
    </datafield>
    <datafield tag="960" ind1=" " ind2=" ">
      <subfield code="a">13</subfield>
    </datafield>
    <datafield tag="961" ind1=" " ind2=" ">
      <subfield code="c">20061202</subfield>
      <subfield code="h">0008</subfield>
      <subfield code="l">CER01</subfield>
      <subfield code="x">20050120</subfield>
    </datafield>
    <datafield tag="962" ind1=" " ind2=" ">
      <subfield code="b">002424942</subfield>
      <subfield code="k">177</subfield>
      <subfield code="n">cargese20040607</subfield>
    </datafield>
    <datafield tag="963" ind1=" " ind2=" ">
      <subfield code="a">PUBLIC</subfield>
    </datafield>
    <datafield tag="970" ind1=" " ind2=" ">
      <subfield code="a">002503681CER</subfield>
    </datafield>
    <datafield tag="980" ind1=" " ind2=" ">
      <subfield code="a">ARTICLE</subfield>
    </datafield>
    <datafield tag="999" ind1="C" ind2="5">
      <subfield code="o">[1]</subfield>
      <subfield code="m">S. Lem, "The Seventh Voyage", in The Star Diaries, Varsaw 1971, english translation New York, 1976.</subfield>
    </datafield>
    <datafield tag="999" ind1="C" ind2="5">
      <subfield code="o">[2]</subfield>
      <subfield code="m">A. Borde and A. Vilenkin, "Eternal inflation and the initial singu-larity,"</subfield>
      <subfield code="s">Phys. Rev. Lett. 72 (1994) 3305</subfield>
      <subfield code="r">gr-qc/9312022</subfield>
    </datafield>
    <datafield tag="999" ind1="C" ind2="5">
      <subfield code="o">[3]</subfield>
      <subfield code="m">C. W. Misner, in Relativity Theory and Astrophysics I Relativity and Cosmology, edited by J. Ehlers, Lectures in Applied Mathe-matics, Vol. 8 (American Electron. Res. Announc. Am. Math. Soc., Providence, 1967), p. 160.</subfield>
    </datafield>
    <datafield tag="999" ind1="C" ind2="5">
      <subfield code="o">[4]</subfield>
      <subfield code="m">M. Berkooz, and B. Pioline, "Strings in an electric field, and the Milne universe,"</subfield>
      <subfield code="s">J. Cosmol. Astropart. Phys. 0311 (2003) 007</subfield>
      <subfield code="r">hep-th/0307280</subfield>
    </datafield>
    <datafield tag="999" ind1="C" ind2="5">
      <subfield code="o">[5]</subfield>
      <subfield code="m">M. Berkooz, B. Pioline and M. Rozali, "Closed strings in Mis-ner space Cosmological production of winding strings,"</subfield>
      <subfield code="s">J. Cosmol. Astropart. Phys. 07 (2004) 003</subfield>
      <subfield code="r">hep-th/0405126</subfield>
    </datafield>
    <datafield tag="999" ind1="C" ind2="5">
      <subfield code="o">[6]</subfield>
      <subfield code="s">JCAP 0410 (2004) 002</subfield>
      <subfield code="m">M. Berkooz, B. Durin, B. Pioline and D. Reichmann, "Closed strings in Misner space Stringy fuzziness with a twist," arXiv</subfield>
      <subfield code="r">hep-th/0407216</subfield>
    </datafield>
    <datafield tag="999" ind1="C" ind2="5">
      <subfield code="o">[7]</subfield>
      <subfield code="m">G. T. Horowitz and A. R. Steif, "Singular String Solutions With Nonsingular Initial Data,"</subfield>
      <subfield code="s">Phys. Lett. B 258 (1991) 91</subfield>
    </datafield>
    <datafield tag="999" ind1="C" ind2="5">
      <subfield code="o">[8]</subfield>
      <subfield code="m">J. Khoury, B. A. Ovrut, N. Seiberg, P. J. Steinhardt and N. Turok, "From big crunch to big bang,"</subfield>
      <subfield code="s">Phys. Rev. D 65 (2002) 086007</subfield>
      <subfield code="r">hep-th/0108187</subfield>
    </datafield>
    <datafield tag="999" ind1="C" ind2="5">
      <subfield code="o">[9]</subfield>
      <subfield code="s">Surveys High Energ.Phys. 17 (2002) 115</subfield>
      <subfield code="m">N. A. Nekrasov, "Milne universe, tachyons, and quantum group," arXiv</subfield>
      <subfield code="r">hep-th/0203112</subfield>
    </datafield>
    <datafield tag="999" ind1="C" ind2="5">
      <subfield code="o">[10]</subfield>
      <subfield code="m">V. Balasubramanian, S. F. Hassan, E. Keski-Vakkuri and A. Naqvi, "A space-time orbifold A toy model for a cosmological singu-larity,"</subfield>
      <subfield code="s">Phys. Rev. D 67 (2003) 026003</subfield>
      <subfield code="r">hep-th/0202187</subfield>
    </datafield>
    <datafield tag="999" ind1="C" ind2="5">
      <subfield code="o">[10]</subfield>
      <subfield code="m">R. Biswas, E. Keski-Vakkuri, R. G. Leigh, S. Nowling and E. Sharpe, "The taming of closed time-like curves,"</subfield>
      <subfield code="s">J. High Energy Phys. 0401 (2004) 064</subfield>
      <subfield code="r">hep-th/0304241</subfield>
    </datafield>
    <datafield tag="999" ind1="C" ind2="5">
      <subfield code="o">[11]</subfield>
      <subfield code="m">I. Antoniadis, C. Bachas, J. R. Ellis and D. V. Nanopoulos, "Cosmo-logical String Theories And Discrete Inflation,"</subfield>
      <subfield code="s">Phys. Lett. B 211 (1988) 393</subfield>
    </datafield>
    <datafield tag="999" ind1="C" ind2="5">
      <subfield code="o">[11]</subfield>
      <subfield code="m">I. Antoniadis, C. Bachas, J. R. Ellis and D. V. Nanopou-los, "An Expanding Universe In String Theory,"</subfield>
      <subfield code="s">Nucl. Phys. B 328 (1989) 117</subfield>
    </datafield>
    <datafield tag="999" ind1="C" ind2="5">
      <subfield code="o">[11]</subfield>
      <subfield code="m">I. Antoniadis, C. Bachas, J. R. Ellis and D. V. Nanopou-los, "Comments On Cosmological String Solutions,"</subfield>
      <subfield code="s">Phys. Lett. B 257 (1991) 278</subfield>
    </datafield>
    <datafield tag="999" ind1="C" ind2="5">
      <subfield code="o">[12]</subfield>
      <subfield code="m">C. R. Nappi and E. Witten, "A Closed, expanding universe in string theory,"</subfield>
      <subfield code="s">Phys. Lett. B 293 (1992) 309</subfield>
      <subfield code="r">hep-th/9206078</subfield>
    </datafield>
    <datafield tag="999" ind1="C" ind2="5">
      <subfield code="o">[13]</subfield>
      <subfield code="m">C. Kounnas and D. Lust, "Cosmological string backgrounds from gauged WZW models,"</subfield>
      <subfield code="s">Phys. Lett. B 289 (1992) 56</subfield>
      <subfield code="r">hep-th/9205046</subfield>
    </datafield>
    <datafield tag="999" ind1="C" ind2="5">
      <subfield code="o">[14]</subfield>
      <subfield code="m">E. Kiritsis and C. Kounnas, "Dynamical Topology change in string theory,"</subfield>
      <subfield code="s">Phys. Lett. B 331 (1994) 51</subfield>
      <subfield code="r">hep-th/9404092</subfield>
    </datafield>
    <datafield tag="999" ind1="C" ind2="5">
      <subfield code="o">[15]</subfield>
      <subfield code="m">S. Elitzur, A. Giveon, D. Kutasov and E. Rabinovici, "From big bang to big crunch and beyond,"</subfield>
      <subfield code="s">J. High Energy Phys. 0206 (2002) 017</subfield>
      <subfield code="r">hep-th/0204189</subfield>
    </datafield>
    <datafield tag="999" ind1="C" ind2="5">
      <subfield code="o">[15]</subfield>
      <subfield code="m">S. Elitzur, A. Giveon and E. Rabinovici, "Removing singularities,"</subfield>
      <subfield code="s">J. High Energy Phys. 0301 (2003) 017</subfield>
      <subfield code="r">hep-th/0212242</subfield>
    </datafield>
    <datafield tag="999" ind1="C" ind2="5">
      <subfield code="o">[16]</subfield>
      <subfield code="m">L. Cornalba and M. S. Costa, "A New Cosmological Scenario in String Theory,"</subfield>
      <subfield code="s">Phys. Rev. D 66 (2002) 066001</subfield>
      <subfield code="r">hep-th/0203031</subfield>
    </datafield>
    <datafield tag="999" ind1="C" ind2="5">
      <subfield code="o">[16]</subfield>
      <subfield code="m">L. Cornalba, M. S. Costa and C. Kounnas, "A res-olution of the cosmological singularity with orientifolds,"</subfield>
      <subfield code="s">Nucl. Phys. B 637 (2002) 378</subfield>
      <subfield code="r">hep-th/0204261</subfield>
    </datafield>
    <datafield tag="999" ind1="C" ind2="5">
      <subfield code="o">[16]</subfield>
      <subfield code="m">L. Cornalba and M. S. Costa, "On the classical stability of orientifold cosmologies,"</subfield>
      <subfield code="s">Class. Quantum Gravity 20 (2003) 3969</subfield>
      <subfield code="r">hep-th/0302137</subfield>
    </datafield>
    <datafield tag="999" ind1="C" ind2="5">
      <subfield code="o">[17]</subfield>
      <subfield code="m">B. Craps, D. Kutasov and G. Rajesh, "String propagation in the presence of cosmological singularities,"</subfield>
      <subfield code="s">J. High Energy Phys. 0206 (2002) 053</subfield>
      <subfield code="r">hep-th/0205101</subfield>
    </datafield>
    <datafield tag="999" ind1="C" ind2="5">
      <subfield code="o">[17]</subfield>
      <subfield code="m">B. Craps and B. A. Ovrut, "Global fluc-tuation spectra in big crunch / big bang string vacua,"</subfield>
      <subfield code="s">Phys. Rev. D 69 (2004) 066001</subfield>
      <subfield code="r">hep-th/0308057</subfield>
    </datafield>
    <datafield tag="999" ind1="C" ind2="5">
      <subfield code="o">[18]</subfield>
      <subfield code="m">E. Dudas, J. Mourad and C. Timirgaziu, "Time and space depen-dent backgrounds from nonsupersymmetric strings,"</subfield>
      <subfield code="s">Nucl. Phys. B 660 (2003) 3</subfield>
      <subfield code="r">hep-th/0209176</subfield>
    </datafield>
    <datafield tag="999" ind1="C" ind2="5">
      <subfield code="o">[19]</subfield>
      <subfield code="m">L. Cornalba and M. S. Costa, "Time-dependent orbifolds and string cosmology,"</subfield>
      <subfield code="s">Fortschr. Phys. 52 (2004) 145</subfield>
      <subfield code="r">hep-th/0310099</subfield>
    </datafield>
    <datafield tag="999" ind1="C" ind2="5">
      <subfield code="o">[20]</subfield>
      <subfield code="s">Phys.Rev. D70 (2004) 126011</subfield>
      <subfield code="m">C. V. Johnson and H. G. Svendsen, "An exact string theory model of closed time-like curves and cosmological singularities," arXiv</subfield>
      <subfield code="r">hep-th/0405141</subfield>
    </datafield>
    <datafield tag="999" ind1="C" ind2="5">
      <subfield code="o">[21]</subfield>
      <subfield code="m">N. Toumbas and J. Troost, "A time-dependent brane in a cosmolog-ical background,"</subfield>
      <subfield code="s">J. High Energy Phys. 0411 (2004) 032</subfield>
      <subfield code="r">hep-th/0410007</subfield>
    </datafield>
    <datafield tag="999" ind1="C" ind2="5">
      <subfield code="o">[22]</subfield>
      <subfield code="m">W. A. Hiscock and D. A. Konkowski, "Quantum Vacuum Energy In Taub - Nut (Newman-Unti-Tamburino) Type Cosmologies,"</subfield>
      <subfield code="s">Phys. Rev. D 26 (1982) 1225</subfield>
    </datafield>
    <datafield tag="999" ind1="C" ind2="5">
      <subfield code="o">[23]</subfield>
      <subfield code="m">A. H. Taub, "Empty Space-Times Admitting A Three Parameter Group Of Motions,"</subfield>
      <subfield code="s">Ann. Math. 53 (1951) 472</subfield>
    </datafield>
    <datafield tag="999" ind1="C" ind2="5">
      <subfield code="o">[23]</subfield>
      <subfield code="m">E. Newman, L. Tamburino and T. Unti, "Empty Space Generalization Of The Schwarzschild Metric,"</subfield>
      <subfield code="s">J. Math. Phys. 4 (1963) 915</subfield>
    </datafield>
    <datafield tag="999" ind1="C" ind2="5">
      <subfield code="o">[24]</subfield>
      <subfield code="m">J. G. Russo, "Cosmological string models from Milne spaces and SL(2,Z) orbifold," arXiv</subfield>
      <subfield code="r">hep-th/0305032</subfield>
    </datafield>
    <datafield tag="999" ind1="C" ind2="5">
      <subfield code="o">[25]</subfield>
      <subfield code="s">Mod.Phys.Lett. A19 (2004) 421</subfield>
      <subfield code="m">J. R. I. Gott, "Closed Timelike Curves Produced By Pairs Of Mov-ing Cosmic Strings Exact Solutions,"</subfield>
      <subfield code="s">Phys. Rev. Lett. 66 (1991) 1126</subfield>
    </datafield>
    <datafield tag="999" ind1="C" ind2="5">
      <subfield code="o">[25]</subfield>
      <subfield code="m">J. D. Grant, "Cosmic strings and chronology protection,"</subfield>
      <subfield code="s">Phys. Rev. D 47 (1993) 2388</subfield>
      <subfield code="r">hep-th/9209102</subfield>
    </datafield>
    <datafield tag="999" ind1="C" ind2="5">
      <subfield code="o">[26]</subfield>
      <subfield code="m">S. W. Hawking, "The Chronology protection conjecture,"</subfield>
      <subfield code="s">Phys. Rev. D 46 (1992) 603</subfield>
    </datafield>
    <datafield tag="999" ind1="C" ind2="5">
      <subfield code="o">[27]</subfield>
      <subfield code="s">Commun.Math.Phys. 256 (2005) 491</subfield>
      <subfield code="m">D. Kutasov, J. Marklof and G. W. Moore, "Melvin Models and Diophantine Approximation," arXiv</subfield>
      <subfield code="r">hep-th/0407150</subfield>
    </datafield>
    <datafield tag="999" ind1="C" ind2="5">
      <subfield code="o">[28]</subfield>
      <subfield code="m">C. Gabriel and P. Spindel, "Quantum charged fields in Rindler space,"</subfield>
      <subfield code="s">Ann. Phys. 284 (2000) 263</subfield>
      <subfield code="r">gr-qc/9912016</subfield>
    </datafield>
    <datafield tag="999" ind1="C" ind2="5">
      <subfield code="o">[29]</subfield>
      <subfield code="m">N. Turok, M. Perry and P. J. Steinhardt, "M theory model of a big crunch / big bang transition,"</subfield>
      <subfield code="s">Phys. Rev. D 70 (2004) 106004</subfield>
      <subfield code="r">hep-th/0408083</subfield>
    </datafield>
    <datafield tag="999" ind1="C" ind2="5">
      <subfield code="o">[30]</subfield>
      <subfield code="m">C. Bachas and M. Porrati, "Pair Creation Of Open Strings In An Electric Field,"</subfield>
      <subfield code="s">Phys. Lett. B 296 (1992) 77</subfield>
      <subfield code="r">hep-th/9209032</subfield>
    </datafield>
    <datafield tag="999" ind1="C" ind2="5">
      <subfield code="o">[31]</subfield>
      <subfield code="m">J. M. Maldacena, H. Ooguri and J. Son, "Strings in AdS(3) and the SL(2,R) WZW model. II Euclidean black hole,"</subfield>
      <subfield code="s">J. Math. Phys. 42 (2001) 2961</subfield>
      <subfield code="r">hep-th/0005183</subfield>
    </datafield>
    <datafield tag="999" ind1="C" ind2="5">
      <subfield code="o">[32]</subfield>
      <subfield code="m">M. Berkooz, B. Craps, D. Kutasov and G. Rajesh, "Comments on cosmological singularities in string theory," arXiv</subfield>
      <subfield code="r">hep-th/0212215</subfield>
    </datafield>
    <datafield tag="999" ind1="C" ind2="5">
      <subfield code="o">[33]</subfield>
      <subfield code="m">D. J. Gross and P. F. Mende, "The High-Energy Behavior Of String Scattering Amplitudes,"</subfield>
      <subfield code="s">Phys. Lett. B 197 (1987) 129</subfield>
    </datafield>
    <datafield tag="999" ind1="C" ind2="5">
      <subfield code="o">[34]</subfield>
      <subfield code="m">H. Liu, G. Moore and N. Seiberg, "Strings in a time-dependent orbifold,"</subfield>
      <subfield code="s">J. High Energy Phys. 0206 (2002) 045</subfield>
      <subfield code="r">hep-th/0204168</subfield>
    </datafield>
    <datafield tag="999" ind1="C" ind2="5">
      <subfield code="o">[34]</subfield>
      <subfield code="m">H. Liu, G. Moore and N. Seiberg, "Strings in time-dependent orbifolds,"</subfield>
      <subfield code="s">J. High Energy Phys. 0210 (2002) 031</subfield>
      <subfield code="r">hep-th/0206182</subfield>
    </datafield>
    <datafield tag="999" ind1="C" ind2="5">
      <subfield code="o">[35]</subfield>
      <subfield code="m">D. Amati, M. Ciafaloni and G. Veneziano, "Class. Quantum Gravity Effects From Planckian Energy Superstring Collisions,"</subfield>
      <subfield code="s">Int. J. Mod. Phys. A 3 (1988) 1615</subfield>
    </datafield>
    <datafield tag="999" ind1="C" ind2="5">
      <subfield code="o">[36]</subfield>
      <subfield code="m">G. T. Horowitz and J. Polchinski, "Instability of spacelike and null orbifold singularities,"</subfield>
      <subfield code="s">Phys. Rev. D 66 (2002) 103512</subfield>
      <subfield code="r">hep-th/0206228</subfield>
    </datafield>
    <datafield tag="999" ind1="C" ind2="5">
      <subfield code="o">[37]</subfield>
      <subfield code="m">C. R. Nappi and E. Witten, "A WZW model based on a non-semisimple group,"</subfield>
      <subfield code="s">Phys. Rev. Lett. 71 (1993) 3751</subfield>
      <subfield code="r">hep-th/9310112</subfield>
    </datafield>
    <datafield tag="999" ind1="C" ind2="5">
      <subfield code="o">[38]</subfield>
      <subfield code="m">D. I. Olive, E. Rabinovici and A. Schwimmer, "A Class of string backgrounds Ann. Sci. a semiclassical limit of WZW models,"</subfield>
      <subfield code="s">Phys. Lett. B 321 (1994) 361</subfield>
      <subfield code="r">hep-th/9311081</subfield>
    </datafield>
    <datafield tag="999" ind1="C" ind2="5">
      <subfield code="o">[39]</subfield>
      <subfield code="m">E. Kiritsis and C. Kounnas, "String Propagation In Gravitational Wave Backgrounds,"</subfield>
      <subfield code="s">Phys. Lett. B 320 (1994) 264</subfield>
    </datafield>
    <datafield tag="999" ind1="C" ind2="5">
      <subfield code="o">[39]</subfield>
      <subfield code="m">[Addendum-</subfield>
      <subfield code="s">Phys. Lett. B 325 (1994) 536</subfield>
      <subfield code="r">hep-th/9310202</subfield>
    </datafield>
    <datafield tag="999" ind1="C" ind2="5">
      <subfield code="o">[39]</subfield>
      <subfield code="m">E. Kiritsis, C. Koun-nas and D. Lust, "Superstring gravitational wave backgrounds with space-time supersymmetry,"</subfield>
      <subfield code="s">Phys. Lett. B 331 (1994) 321</subfield>
      <subfield code="r">hep-th/9404114</subfield>
    </datafield>
    <datafield tag="999" ind1="C" ind2="5">
      <subfield code="o">[40]</subfield>
      <subfield code="m">E. Kiritsis and B. Pioline, "Strings in homogeneous gravitational waves and null holography,"</subfield>
      <subfield code="s">J. High Energy Phys. 0208 (2002) 048</subfield>
      <subfield code="r">hep-th/0204004</subfield>
    </datafield>
    <datafield tag="999" ind1="C" ind2="5">
      <subfield code="o">[41]</subfield>
      <subfield code="s">Nucl.Phys. B674 (2003) 80</subfield>
      <subfield code="m">G. D’Appollonio and E. Kiritsis, "String interactions in gravita-tional wave backgrounds," arXiv</subfield>
      <subfield code="r">hep-th/0305081</subfield>
    </datafield>
    <datafield tag="999" ind1="C" ind2="5">
      <subfield code="o">[42]</subfield>
      <subfield code="m">Y. K. Cheung, L. Freidel and K. Savvidy, "Strings in gravimagnetic fields,"</subfield>
      <subfield code="s">J. High Energy Phys. 0402 (2004) 054</subfield>
      <subfield code="r">hep-th/0309005</subfield>
    </datafield>
    <datafield tag="999" ind1="C" ind2="5">
      <subfield code="o">[43]</subfield>
      <subfield code="m">O. Aharony, M. Berkooz and E. Silverstein, "Multiple-trace op-erators and non-local string theories,"</subfield>
      <subfield code="s">J. High Energy Phys. 0108 (2001) 006</subfield>
      <subfield code="r">hep-th/0105309</subfield>
    </datafield>
    <datafield tag="999" ind1="C" ind2="5">
      <subfield code="o">[43]</subfield>
      <subfield code="m">M. Berkooz, A. Sever and A. Shomer, "Double-trace deformations, boundary conditions and spacetime singularities,"</subfield>
      <subfield code="s">J. High Energy Phys. 0205 (2002) 034</subfield>
      <subfield code="r">hep-th/0112264</subfield>
    </datafield>
    <datafield tag="999" ind1="C" ind2="5">
      <subfield code="o">[43]</subfield>
      <subfield code="m">E. Witten, "Multi-trace operators, boundary conditions, and AdS/CFT correspondence," arXiv</subfield>
      <subfield code="r">hep-th/0112258</subfield>
    </datafield>
    <datafield tag="999" ind1="C" ind2="5">
      <subfield code="o">[44]</subfield>
      <subfield code="m">T. Damour, M. Henneaux and H. Nicolai, "Cosmological billiards,"</subfield>
      <subfield code="s">Class. Quantum Gravity 20 (2003) R145</subfield>
      <subfield code="r">hep-th/0212256</subfield>
    </datafield>
  </record>