
  <record>
    <controlfield tag="003">SzGeCERN</controlfield>
    <controlfield tag="005">20060713170102.0</controlfield>
    <datafield tag="037" ind1=" " ind2=" ">
      <subfield code="a">hep-th/0606038</subfield>
    </datafield>
    <datafield tag="041" ind1=" " ind2=" ">
      <subfield code="a">eng</subfield>
    </datafield>
    <datafield tag="088" ind1=" " ind2=" ">
      <subfield code="a">DESY-06-083</subfield>
    </datafield>
    <datafield tag="088" ind1=" " ind2=" ">
      <subfield code="a">DESY-2006-083</subfield>
    </datafield>
    <datafield tag="100" ind1=" " ind2=" ">
      <subfield code="a">Papadimitriou, I</subfield>
      <subfield code="u">DESY</subfield>
    </datafield>
    <datafield tag="245" ind1=" " ind2=" ">
      <subfield code="a">Non-Supersymmetric Membrane Flows from Fake Supergravity and Multi-Trace Deformations</subfield>
    </datafield>
    <datafield tag="260" ind1=" " ind2=" ">
      <subfield code="c">2007</subfield>
    </datafield>
    <datafield tag="269" ind1=" " ind2=" ">
      <subfield code="a">Hamburg</subfield>
      <subfield code="b">DESY</subfield>
      <subfield code="c">5 Jun 2006</subfield>
    </datafield>
    <datafield tag="300" ind1=" " ind2=" ">
      <subfield code="a">45 p</subfield>
    </datafield>
    <datafield tag="520" ind1=" " ind2=" ">
      <subfield code="a">We use fake supergravity as a solution generating technique to obtain a continuum of non-supersymmetric asymptotically $AdS_4\times S^7$ domain wall solutions of eleven-dimensional supergravity with non-trivial scalars in the $SL(8,\mathbb{R})/SO(8)$ coset. These solutions are continuously connected to the supersymmetric domain walls describing a uniform sector of the Coulomb branch of the $M2$-brane theory. We also provide a general argument that identifies the fake superpotential with the exact large-N quantum effective potential of the dual theory, thus arriving at a very general description of multi-trace deformations in the AdS/CFT correspondence, which strongly motivates further study of fake supergravity as a solution generating method. This identification allows us to interpret our non-supersymmetric solutions as a family of marginal triple-trace deformations of the Coulomb branch that completely break supersymmetry and to calculate the exact large-N anomalous dimensions of the operators involved. The holographic one- and two-point functions for these solutions are also computed.</subfield>
    </datafield>
    <datafield tag="595" ind1=" " ind2=" ">
      <subfield code="a">LANL EDS</subfield>
    </datafield>
    <datafield tag="595" ind1=" " ind2=" ">
      <subfield code="a">SIS JHEP2007</subfield>
    </datafield>
    <datafield tag="595" ind1=" " ind2=" ">
      <subfield code="a">SIS:200703 PR/LKR added</subfield>
    </datafield>
    <datafield tag="650" ind1="1" ind2="7">
      <subfield code="2">SzGeCERN</subfield>
      <subfield code="a">Particle Physics - Theory</subfield>
    </datafield>
    <datafield tag="690" ind1="C" ind2=" ">
      <subfield code="a">ARTICLE</subfield>
    </datafield>
    <datafield tag="695" ind1=" " ind2=" ">
      <subfield code="9">LANL EDS</subfield>
      <subfield code="a">High Energy Physics - Theory</subfield>
    </datafield>
    <datafield tag="720" ind1=" " ind2=" ">
      <subfield code="a">Papadimitriou, Ioannis</subfield>
    </datafield>
    <datafield tag="909" ind1="C" ind2="4">
      <subfield code="c">008</subfield>
      <subfield code="p">J. High Energy Phys.</subfield>
      <subfield code="v">02</subfield>
      <subfield code="y">2007</subfield>
    </datafield>
    <datafield tag="FFT" ind1=" " ind2=" ">
      <subfield code="a">http://invenio-software.org/download/invenio-demo-site-files/0606038.pdf</subfield>
    </datafield>
    <datafield tag="916" ind1=" " ind2=" ">
      <subfield code="s">n</subfield>
      <subfield code="w">200623</subfield>
    </datafield>
    <datafield tag="960" ind1=" " ind2=" ">
      <subfield code="a">13</subfield>
    </datafield>
    <datafield tag="961" ind1=" " ind2=" ">
      <subfield code="c">20070307</subfield>
      <subfield code="h">2032</subfield>
      <subfield code="l">CER01</subfield>
      <subfield code="x">20060607</subfield>
    </datafield>
    <datafield tag="963" ind1=" " ind2=" ">
      <subfield code="a">PUBLIC</subfield>
    </datafield>
    <datafield tag="970" ind1=" " ind2=" ">
      <subfield code="a">002623855CER</subfield>
    </datafield>
    <datafield tag="980" ind1=" " ind2=" ">
      <subfield code="a">ARTICLE</subfield>
    </datafield>
    <datafield tag="999" ind1="C" ind2="5">
      <subfield code="o">[1]</subfield>
      <subfield code="m">M. Cvetic and H. H. Soleng, "Supergravity domain walls,"</subfield>
      <subfield code="s">Phys. Rep. 282 (1997) 159</subfield>
      <subfield code="r">hep-th/9604090</subfield>
    </datafield>
    <datafield tag="999" ind1="C" ind2="5">
      <subfield code="o">[2]</subfield>
      <subfield code="m">D. Z. Freedman, C. Nunez, M. Schnabl and K. Skenderis, "Fake supergravity and domain wall stability,"</subfield>
      <subfield code="s">Phys. Rev. D 69 (2004) 104027</subfield>
      <subfield code="r">hep-th/0312055</subfield>
    </datafield>
    <datafield tag="999" ind1="C" ind2="5">
      <subfield code="o">[3]</subfield>
      <subfield code="m">A. Celi, A. Ceresole, G. Dall’Agata, A. Van Proeyen and M. Zagermann, "On the fakeness of fake supergravity,"</subfield>
      <subfield code="s">Phys. Rev. D 71 (2005) 045009</subfield>
      <subfield code="r">hep-th/0410126</subfield>
    </datafield>
    <datafield tag="999" ind1="C" ind2="5">
      <subfield code="o">[4]</subfield>
      <subfield code="m">K. Skenderis and P. K. Townsend, "Gravitational stability and renormalization-group flow,"</subfield>
      <subfield code="s">Phys. Lett. B 468 (1999) 46</subfield>
      <subfield code="r">hep-th/9909070</subfield>
    </datafield>
    <datafield tag="999" ind1="C" ind2="5">
      <subfield code="o">[5]</subfield>
      <subfield code="m">I. Bakas, A. Brandhuber and K. Sfetsos, "Domain walls of gauged supergravity, M-branes, and algebraic curves,"</subfield>
      <subfield code="s">Adv. Theor. Math. Phys. 3 (1999) 1657</subfield>
      <subfield code="r">hep-th/9912132</subfield>
    </datafield>
    <datafield tag="999" ind1="C" ind2="5">
      <subfield code="o">[6]</subfield>
      <subfield code="m">M. Zagermann, "N = 4 fake supergravity,"</subfield>
      <subfield code="s">Phys. Rev. D 71 (2005) 125007</subfield>
      <subfield code="r">hep-th/0412081</subfield>
    </datafield>
    <datafield tag="999" ind1="C" ind2="5">
      <subfield code="o">[7]</subfield>
      <subfield code="m">K. Skenderis and P. K. Townsend, "Hidden supersymmetry of domain walls and cosmologies," arXiv</subfield>
      <subfield code="r">hep-th/0602260</subfield>
    </datafield>
    <datafield tag="999" ind1="C" ind2="5">
      <subfield code="o">[8]</subfield>
      <subfield code="m">K. Skenderis, private communication.</subfield>
    </datafield>
    <datafield tag="999" ind1="C" ind2="5">
      <subfield code="o">[9]</subfield>
      <subfield code="m">P. K. Townsend, "Positive Energy And The Scalar Potential In Higher Dimensional (Super)Gravity Theories,"</subfield>
      <subfield code="s">Phys. Lett. B 148 (1984) 55</subfield>
    </datafield>
    <datafield tag="999" ind1="C" ind2="5">
      <subfield code="o">[10]</subfield>
      <subfield code="m">O. DeWolfe, D. Z. Freedman, S. S. Gubser and A. Karch, "Modeling the fifth dimension with scalars and gravity,"</subfield>
      <subfield code="s">Phys. Rev. D 62 (2000) 046008</subfield>
      <subfield code="r">hep-th/9909134</subfield>
    </datafield>
    <datafield tag="999" ind1="C" ind2="5">
      <subfield code="o">[11]</subfield>
      <subfield code="m">S. S. Gubser, "Curvature singularities The good, the bad, and the naked,"</subfield>
      <subfield code="s">Adv. Theor. Math. Phys. 4 (2002) 679</subfield>
      <subfield code="r">hep-th/0002160</subfield>
    </datafield>
    <datafield tag="999" ind1="C" ind2="5">
      <subfield code="o">[12]</subfield>
      <subfield code="m">I. Papadimitriou and K. Skenderis, "AdS / CFT correspondence and geometry," arXiv</subfield>
      <subfield code="r">hep-th/0404176</subfield>
    </datafield>
    <datafield tag="999" ind1="C" ind2="5">
      <subfield code="o">[13]</subfield>
      <subfield code="m">V. L. Campos, G. Ferretti, H. Larsson, D. Martelli and B. E. W. Nilsson, "A study of holographic renormalization group flows in d = 6 and d = 3,"</subfield>
      <subfield code="s">J. High Energy Phys. 0006 (2000) 023</subfield>
      <subfield code="r">hep-th/0003151</subfield>
    </datafield>
    <datafield tag="999" ind1="C" ind2="5">
      <subfield code="o">[14]</subfield>
      <subfield code="m">M. Cvetic, S. S. Gubser, H. Lu and C. N. Pope, "Symmetric potentials of gauged supergravities in diverse dimensions and Coulomb branch of gauge theories,"</subfield>
      <subfield code="s">Phys. Rev. D 62 (2000) 086003</subfield>
      <subfield code="r">hep-th/9909121</subfield>
    </datafield>
    <datafield tag="999" ind1="C" ind2="5">
      <subfield code="o">[15]</subfield>
      <subfield code="m">M. Cvetic, H. Lu, C. N. Pope and A. Sadrzadeh, "Consistency of Kaluza-Klein sphere reductions of symmetric potentials,"</subfield>
      <subfield code="s">Phys. Rev. D 62 (2000) 046005</subfield>
      <subfield code="r">hep-th/0002056</subfield>
    </datafield>
    <datafield tag="999" ind1="C" ind2="5">
      <subfield code="o">[16]</subfield>
      <subfield code="m">P. Kraus, F. Larsen and S. P. Trivedi, "The Coulomb branch of gauge theory from rotating branes,"</subfield>
      <subfield code="s">J. High Energy Phys. 9903 (1999) 003</subfield>
      <subfield code="r">hep-th/9811120</subfield>
    </datafield>
    <datafield tag="999" ind1="C" ind2="5">
      <subfield code="o">[17]</subfield>
      <subfield code="m">D. Z. Freedman, S. S. Gubser, K. Pilch and N. P. Warner, "Continuous distributions of D3-branes and gauged supergravity,"</subfield>
      <subfield code="s">J. High Energy Phys. 0007 (2000) 038</subfield>
      <subfield code="r">hep-th/9906194</subfield>
    </datafield>
    <datafield tag="999" ind1="C" ind2="5">
      <subfield code="o">[18]</subfield>
      <subfield code="m">I. Bakas and K. Sfetsos, "States and curves of five-dimensional gauged supergravity,"</subfield>
      <subfield code="s">Nucl. Phys. B 573 (2000) 768</subfield>
      <subfield code="r">hep-th/9909041</subfield>
    </datafield>
    <datafield tag="999" ind1="C" ind2="5">
      <subfield code="o">[19]</subfield>
      <subfield code="m">C. Martinez, R. Troncoso and J. Zanelli, "Exact black hole solution with a minimally coupled scalar field,"</subfield>
      <subfield code="s">Phys. Rev. D 70 (2004) 084035</subfield>
      <subfield code="r">hep-th/0406111</subfield>
    </datafield>
    <datafield tag="999" ind1="C" ind2="5">
      <subfield code="o">[20]</subfield>
      <subfield code="m">B. de Wit and H. Nicolai, "The Consistency Of The S7 Truncation In D = 11 Supergravity,"</subfield>
      <subfield code="s">Nucl. Phys. B 281 (1987) 211</subfield>
    </datafield>
    <datafield tag="999" ind1="C" ind2="5">
      <subfield code="o">[21]</subfield>
      <subfield code="m">H. Nastase, D. Vaman and P. van Nieuwenhuizen, "Consistent Nonlinearity K K reduction of 11d supergravity on AdS7 × S4 and self-duality in odd dimensions,"</subfield>
      <subfield code="s">Phys. Lett. B 469 (1999) 96</subfield>
      <subfield code="r">hep-th/9905075</subfield>
    </datafield>
    <datafield tag="999" ind1="C" ind2="5">
      <subfield code="o">[22]</subfield>
      <subfield code="m">H. Nastase, D. Vaman and P. van Nieuwenhuizen, "Consistency of the AdS7 × S4 reduction and the origin of self-duality in odd dimensions,"</subfield>
      <subfield code="s">Nucl. Phys. B 581 (2000) 179</subfield>
      <subfield code="r">hep-th/9911238</subfield>
    </datafield>
    <datafield tag="999" ind1="C" ind2="5">
      <subfield code="o">[23]</subfield>
      <subfield code="m">P. Breitenlohner and D. Z. Freedman, "Stability In Gauged Extended Supergravity,"</subfield>
      <subfield code="s">Ann. Phys. 144 (1982) 249</subfield>
    </datafield>
    <datafield tag="999" ind1="C" ind2="5">
      <subfield code="o">[24]</subfield>
      <subfield code="m">I. R. Klebanov and E. Witten, "AdS/CFT correspondence and Symmetry breaking,"</subfield>
      <subfield code="s">Nucl. Phys. B 556 (1999) 89</subfield>
      <subfield code="r">hep-th/9905104</subfield>
    </datafield>
    <datafield tag="999" ind1="C" ind2="5">
      <subfield code="o">[25]</subfield>
      <subfield code="m">Dr. E. Kamke, Differentialgleichungen Lösungsmethoden und Lösungen, Chelsea Publishing Company, 1971.</subfield>
    </datafield>
    <datafield tag="999" ind1="C" ind2="5">
      <subfield code="o">[26]</subfield>
      <subfield code="m">E. S. Cheb-Terrab and A. D. Roche, "Abel ODEs Equivalence and Integrable Classes," Comput. Phys. Commun. 130, Issues 1- : 2 (2000) 204 [arXiv</subfield>
      <subfield code="r">math-ph/0001037</subfield>
    </datafield>
    <datafield tag="999" ind1="C" ind2="5">
      <subfield code="o">[26]</subfield>
      <subfield code="m">E. S. Cheb-Terrab and A. D. Roche, "An Abel ordinary differential equation class generalizing known integrable classes," European J.</subfield>
      <subfield code="s">Appl. Math. 14 (2003) 217</subfield>
      <subfield code="r">math.GM/0002059</subfield>
    </datafield>
    <datafield tag="999" ind1="C" ind2="5">
      <subfield code="o">[26]</subfield>
      <subfield code="m">V. M. Boyko, "Symmetry, Equivalence and Integrable Classes of Abel’s Equations," Proceedings of the Institute of Mathematics of the NAS of Ukraine 50, Part : 1 (2004) 47 [arXiv</subfield>
      <subfield code="r">nlin.SI/0404020</subfield>
    </datafield>
    <datafield tag="999" ind1="C" ind2="5">
      <subfield code="o">[27]</subfield>
      <subfield code="m">M. J. Duff and J. T. Liu, "Anti-de Sitter black holes in gauged N = 8 supergravity,"</subfield>
      <subfield code="s">Nucl. Phys. B 554 (1999) 237</subfield>
      <subfield code="r">hep-th/9901149</subfield>
    </datafield>
    <datafield tag="999" ind1="C" ind2="5">
      <subfield code="o">[28]</subfield>
      <subfield code="m">M. Cvetic et al., "Embedding AdS black holes in ten and eleven dimensions,"</subfield>
      <subfield code="s">Nucl. Phys. B 558 (1999) 96</subfield>
      <subfield code="r">hep-th/9903214</subfield>
    </datafield>
    <datafield tag="999" ind1="C" ind2="5">
      <subfield code="o">[29]</subfield>
      <subfield code="m">J. de Boer, E. P. Verlinde and H. L. Verlinde, "On the holographic renormalization group,"</subfield>
      <subfield code="s">J. High Energy Phys. 0008 (2000) 003</subfield>
      <subfield code="r">hep-th/9912012</subfield>
    </datafield>
    <datafield tag="999" ind1="C" ind2="5">
      <subfield code="o">[30]</subfield>
      <subfield code="m">M. Bianchi, D. Z. Freedman and K. Skenderis, "How to go with an RG flow,"</subfield>
      <subfield code="s">J. High Energy Phys. 0108 (2001) 041</subfield>
      <subfield code="r">hep-th/0105276</subfield>
    </datafield>
    <datafield tag="999" ind1="C" ind2="5">
      <subfield code="o">[31]</subfield>
      <subfield code="m">I. Papadimitriou and K. Skenderis, "Correlation functions in holographic RG flows,"</subfield>
      <subfield code="s">J. High Energy Phys. 0410 (2004) 075</subfield>
      <subfield code="r">hep-th/0407071</subfield>
    </datafield>
    <datafield tag="999" ind1="C" ind2="5">
      <subfield code="o">[32]</subfield>
      <subfield code="m">M. Henningson and K. Skenderis, "The holographic Weyl anomaly,"</subfield>
      <subfield code="s">J. High Energy Phys. 9807 (1998) 023</subfield>
      <subfield code="r">hep-th/9806087</subfield>
    </datafield>
    <datafield tag="999" ind1="C" ind2="5">
      <subfield code="o">[33]</subfield>
      <subfield code="m">V. Balasubramanian and P. Kraus, "A stress tensor for anti-de Sitter gravity,"</subfield>
      <subfield code="s">Commun. Math. Phys. 208 (1999) 413</subfield>
      <subfield code="r">hep-th/9902121</subfield>
    </datafield>
    <datafield tag="999" ind1="C" ind2="5">
      <subfield code="o">[34]</subfield>
      <subfield code="m">P. Kraus, F. Larsen and R. Siebelink, "The gravitational action in asymptotically AdS and flat spacetimes,"</subfield>
      <subfield code="s">Nucl. Phys. B 563 (1999) 259</subfield>
      <subfield code="r">hep-th/9906127</subfield>
    </datafield>
    <datafield tag="999" ind1="C" ind2="5">
      <subfield code="o">[35]</subfield>
      <subfield code="m">S. de Haro, S. N. Solodukhin and K. Skenderis, "Holographic reconstruction of spacetime and renormalization in the AdS/CFT correspondence,"</subfield>
      <subfield code="s">Commun. Math. Phys. 217 (2001) 595</subfield>
      <subfield code="r">hep-th/0002230</subfield>
    </datafield>
    <datafield tag="999" ind1="C" ind2="5">
      <subfield code="o">[36]</subfield>
      <subfield code="m">M. Bianchi, D. Z. Freedman and K. Skenderis, "Holographic renormalization,"</subfield>
      <subfield code="s">Nucl. Phys. B 631 (2002) 159</subfield>
      <subfield code="r">hep-th/0112119</subfield>
    </datafield>
    <datafield tag="999" ind1="C" ind2="5">
      <subfield code="o">[37]</subfield>
      <subfield code="m">D. Martelli and W. Muck, "Holographic renormalization and Ward identities with the Hamilton-Jacobi method,"</subfield>
      <subfield code="s">Nucl. Phys. B 654 (2003) 248</subfield>
      <subfield code="r">hep-th/0205061</subfield>
    </datafield>
    <datafield tag="999" ind1="C" ind2="5">
      <subfield code="o">[38]</subfield>
      <subfield code="m">K. Skenderis, "Lecture notes on holographic renormalization,"</subfield>
      <subfield code="s">Class. Quantum Gravity 19 (2002) 5849</subfield>
      <subfield code="r">hep-th/0209067</subfield>
    </datafield>
    <datafield tag="999" ind1="C" ind2="5">
      <subfield code="o">[39]</subfield>
      <subfield code="m">D. Z. Freedman, S. D. Mathur, A. Matusis and L. Rastelli, "Correlation functions in the CFT(d)/AdS(d + 1) correspondence,"</subfield>
      <subfield code="s">Nucl. Phys. B 546 (1999) 96</subfield>
      <subfield code="r">hep-th/9804058</subfield>
    </datafield>
    <datafield tag="999" ind1="C" ind2="5">
      <subfield code="o">[40]</subfield>
      <subfield code="m">O. DeWolfe and D. Z. Freedman, "Notes on fluctuations and correlation functions in holographic renormalization group flows," arXiv</subfield>
      <subfield code="r">hep-th/0002226</subfield>
    </datafield>
    <datafield tag="999" ind1="C" ind2="5">
      <subfield code="o">[41]</subfield>
      <subfield code="m">W. Muck, "Correlation functions in holographic renormalization group flows,"</subfield>
      <subfield code="s">Nucl. Phys. B 620 (2002) 477</subfield>
      <subfield code="r">hep-th/0105270</subfield>
    </datafield>
    <datafield tag="999" ind1="C" ind2="5">
      <subfield code="o">[42]</subfield>
      <subfield code="m">M. Bianchi, M. Prisco and W. Muck, "New results on holographic three-point functions,"</subfield>
      <subfield code="s">J. High Energy Phys. 0311 (2003) 052</subfield>
      <subfield code="r">hep-th/0310129</subfield>
    </datafield>
    <datafield tag="999" ind1="C" ind2="5">
      <subfield code="o">[43]</subfield>
      <subfield code="m">E. Witten, "Multi-trace operators, boundary conditions, and AdS/CFT correspondence," arXiv</subfield>
      <subfield code="r">hep-th/0112258</subfield>
    </datafield>
    <datafield tag="999" ind1="C" ind2="5">
      <subfield code="o">[44]</subfield>
      <subfield code="m">M. Berkooz, A. Sever and A. Shomer, "Double-trace deformations, boundary conditions and spacetime singularities,"</subfield>
      <subfield code="s">J. High Energy Phys. 0205 (2002) 034</subfield>
      <subfield code="r">hep-th/0112264</subfield>
    </datafield>
    <datafield tag="999" ind1="C" ind2="5">
      <subfield code="o">[45]</subfield>
      <subfield code="m">W. Muck, "An improved correspondence formula for AdS/CFT with multi-trace operators,"</subfield>
      <subfield code="s">Phys. Lett. B 531 (2002) 301</subfield>
      <subfield code="r">hep-th/0201100</subfield>
    </datafield>
    <datafield tag="999" ind1="C" ind2="5">
      <subfield code="o">[46]</subfield>
      <subfield code="m">P. Minces, "Multi-trace operators and the generalized AdS/CFT prescription,"</subfield>
      <subfield code="s">Phys. Rev. D 68 (2003) 024027</subfield>
      <subfield code="r">hep-th/0201172</subfield>
    </datafield>
    <datafield tag="999" ind1="C" ind2="5">
      <subfield code="o">[47]</subfield>
      <subfield code="m">A. Sever and A. Shomer, "A note on multi-trace deformations and AdS/CFT,"</subfield>
      <subfield code="s">J. High Energy Phys. 0207 (2002) 027</subfield>
      <subfield code="r">hep-th/0203168</subfield>
    </datafield>
    <datafield tag="999" ind1="C" ind2="5">
      <subfield code="o">[48]</subfield>
      <subfield code="m">S. S. Gubser and I. R. Klebanov, "A universal result on central charges in the presence of double-trace deformations,"</subfield>
      <subfield code="s">Nucl. Phys. B 656 (2003) 23</subfield>
      <subfield code="r">hep-th/0212138</subfield>
    </datafield>
    <datafield tag="999" ind1="C" ind2="5">
      <subfield code="o">[49]</subfield>
      <subfield code="m">O. Aharony, M. Berkooz and B. Katz, "Non-local effects of multi-trace deformations in the AdS/CFT correspondence,"</subfield>
      <subfield code="s">J. High Energy Phys. 0510 (2005) 097</subfield>
      <subfield code="r">hep-th/0504177</subfield>
    </datafield>
    <datafield tag="999" ind1="C" ind2="5">
      <subfield code="o">[50]</subfield>
      <subfield code="m">S. Elitzur, A. Giveon, M. Porrati and E. Rabinovici, "Multitrace deformations of vector and adjoint theories and their holographic duals,"</subfield>
      <subfield code="s">J. High Energy Phys. 0602 (2006) 006</subfield>
      <subfield code="r">hep-th/0511061</subfield>
    </datafield>
    <datafield tag="999" ind1="C" ind2="5">
      <subfield code="o">[51]</subfield>
      <subfield code="m">R. Corrado, K. Pilch and N. P. Warner, "An N = 2 supersymmetric membrane flow,"</subfield>
      <subfield code="s">Nucl. Phys. B 629 (2002) 74</subfield>
      <subfield code="r">hep-th/0107220</subfield>
    </datafield>
    <datafield tag="999" ind1="C" ind2="5">
      <subfield code="o">[52]</subfield>
      <subfield code="m">T. Hertog and K. Maeda, "Black holes with scalar hair and asymptotics in N = 8 supergravity,"</subfield>
      <subfield code="s">J. High Energy Phys. 0407 (2004) 051</subfield>
      <subfield code="r">hep-th/0404261</subfield>
    </datafield>
    <datafield tag="999" ind1="C" ind2="5">
      <subfield code="o">[53]</subfield>
      <subfield code="m">T. Hertog and G. T. Horowitz, "Towards a big crunch dual,"</subfield>
      <subfield code="s">J. High Energy Phys. 0407 (2004) 073</subfield>
      <subfield code="r">hep-th/0406134</subfield>
    </datafield>
    <datafield tag="999" ind1="C" ind2="5">
      <subfield code="o">[54]</subfield>
      <subfield code="m">T. Hertog and G. T. Horowitz, "Designer gravity and field theory effective potentials,"</subfield>
      <subfield code="s">Phys. Rev. Lett. 94 (2005) 221301</subfield>
      <subfield code="r">hep-th/0412169</subfield>
    </datafield>
    <datafield tag="999" ind1="C" ind2="5">
      <subfield code="o">[55]</subfield>
      <subfield code="m">T. Hertog and G. T. Horowitz, "Holographic description of AdS cosmologies,"</subfield>
      <subfield code="s">J. High Energy Phys. 0504 (2005) 005</subfield>
      <subfield code="r">hep-th/0503071</subfield>
    </datafield>
    <datafield tag="999" ind1="C" ind2="5">
      <subfield code="o">[56]</subfield>
      <subfield code="m">S. de Haro, I. Papadimitriou and A. C. Petkou, "Conformally coupled scalars, instantons and Vacuum instability in AdS(4)," [arXiv</subfield>
      <subfield code="r">hep-th/0611315</subfield>
    </datafield>
  </record>