
  <record>
    <controlfield tag="003">SzGeCERN</controlfield>
    <controlfield tag="005">20060616163757.0</controlfield>
    <datafield tag="037" ind1=" " ind2=" ">
      <subfield code="a">hep-th/0606096</subfield>
    </datafield>
    <datafield tag="041" ind1=" " ind2=" ">
      <subfield code="a">eng</subfield>
    </datafield>
    <datafield tag="088" ind1=" " ind2=" ">
      <subfield code="a">UTHET-2006-05-01</subfield>
    </datafield>
    <datafield tag="100" ind1=" " ind2=" ">
      <subfield code="a">Koutsoumbas, G</subfield>
      <subfield code="u">National Technical University of Athens</subfield>
    </datafield>
    <datafield tag="245" ind1=" " ind2=" ">
      <subfield code="a">Quasi-normal Modes of Electromagnetic Perturbations of Four-Dimensional Topological Black Holes with Scalar Hair</subfield>
    </datafield>
    <datafield tag="260" ind1=" " ind2=" ">
      <subfield code="c">2006</subfield>
    </datafield>
    <datafield tag="269" ind1=" " ind2=" ">
      <subfield code="c">10 Jun 2006</subfield>
    </datafield>
    <datafield tag="300" ind1=" " ind2=" ">
      <subfield code="a">17 p</subfield>
    </datafield>
    <datafield tag="520" ind1=" " ind2=" ">
      <subfield code="a">We study the perturbative behaviour of topological black holes with scalar hair. We calculate both analytically and numerically the quasi-normal modes of the electromagnetic perturbations. In the case of small black holes we find clear evidence of a second-order phase transition of a topological black hole to a hairy configuration. We also find evidence of a second-order phase transition of the AdS vacuum solution to a topological black hole.</subfield>
    </datafield>
    <datafield tag="595" ind1=" " ind2=" ">
      <subfield code="a">LANL EDS</subfield>
    </datafield>
    <datafield tag="595" ind1=" " ind2=" ">
      <subfield code="a">SIS JHEP2007</subfield>
    </datafield>
    <datafield tag="595" ind1=" " ind2=" ">
      <subfield code="a">SIS:200702 PR/LKR added</subfield>
    </datafield>
    <datafield tag="650" ind1="1" ind2="7">
      <subfield code="2">SzGeCERN</subfield>
      <subfield code="a">Particle Physics - Theory</subfield>
    </datafield>
    <datafield tag="690" ind1="C" ind2=" ">
      <subfield code="a">ARTICLE</subfield>
    </datafield>
    <datafield tag="695" ind1=" " ind2=" ">
      <subfield code="9">LANL EDS</subfield>
      <subfield code="a">High Energy Physics - Theory</subfield>
    </datafield>
    <datafield tag="700" ind1=" " ind2=" ">
      <subfield code="a">Musiri, S</subfield>
    </datafield>
    <datafield tag="700" ind1=" " ind2=" ">
      <subfield code="a">Papantonopoulos, E</subfield>
    </datafield>
    <datafield tag="700" ind1=" " ind2=" ">
      <subfield code="a">Siopsis, G</subfield>
    </datafield>
    <datafield tag="720" ind1=" " ind2=" ">
      <subfield code="a">Koutsoumbas, George</subfield>
    </datafield>
    <datafield tag="720" ind1=" " ind2=" ">
      <subfield code="a">Musiri, Suphot</subfield>
    </datafield>
    <datafield tag="720" ind1=" " ind2=" ">
      <subfield code="a">Papantonopoulos, Eleftherios</subfield>
    </datafield>
    <datafield tag="720" ind1=" " ind2=" ">
      <subfield code="a">Siopsis, George</subfield>
    </datafield>
    <datafield tag="909" ind1="C" ind2="4">
      <subfield code="c">006</subfield>
      <subfield code="p">J. High Energy Phys.</subfield>
      <subfield code="v">10</subfield>
      <subfield code="y">2006</subfield>
    </datafield>
    <datafield tag="FFT" ind1=" " ind2=" ">
      <subfield code="a">http://invenio-software.org/download/invenio-demo-site-files/0606096.pdf</subfield>
    </datafield>
    <datafield tag="916" ind1=" " ind2=" ">
      <subfield code="s">n</subfield>
      <subfield code="w">200624</subfield>
    </datafield>
    <datafield tag="960" ind1=" " ind2=" ">
      <subfield code="a">13</subfield>
    </datafield>
    <datafield tag="961" ind1=" " ind2=" ">
      <subfield code="c">20070425</subfield>
      <subfield code="h">1021</subfield>
      <subfield code="l">CER01</subfield>
      <subfield code="x">20060613</subfield>
    </datafield>
    <datafield tag="963" ind1=" " ind2=" ">
      <subfield code="a">PUBLIC</subfield>
    </datafield>
    <datafield tag="970" ind1=" " ind2=" ">
      <subfield code="a">002628325CER</subfield>
    </datafield>
    <datafield tag="980" ind1=" " ind2=" ">
      <subfield code="a">ARTICLE</subfield>
    </datafield>
    <datafield tag="999" ind1="C" ind2="5">
      <subfield code="o">[1]</subfield>
      <subfield code="m">K. D. Kokkotas and B. G. Schmidt,</subfield>
      <subfield code="s">Living Rev. Relativ. 2 (1999) 2</subfield>
      <subfield code="r">gr-qc/9909058</subfield>
    </datafield>
    <datafield tag="999" ind1="C" ind2="5">
      <subfield code="o">[2]</subfield>
      <subfield code="m">H.-P. Nollert,</subfield>
      <subfield code="s">Class. Quantum Gravity 16 (1999) R159</subfield>
    </datafield>
    <datafield tag="999" ind1="C" ind2="5">
      <subfield code="o">[3]</subfield>
      <subfield code="m">J. S. F. Chan and R. B. Mann,</subfield>
      <subfield code="s">Phys. Rev. D 55 (1997) 7546</subfield>
      <subfield code="r">gr-qc/9612026</subfield>
    </datafield>
    <datafield tag="999" ind1="C" ind2="5">
      <subfield code="o">[3]</subfield>
      <subfield code="s">Phys. Rev. D 59 (1999) 064025</subfield>
    </datafield>
    <datafield tag="999" ind1="C" ind2="5">
      <subfield code="o">[4]</subfield>
      <subfield code="m">G. T. Horowitz and V. E. Hubeny,</subfield>
      <subfield code="s">Phys. Rev. D 62 (2000) 024027</subfield>
      <subfield code="r">hep-th/9909056</subfield>
    </datafield>
    <datafield tag="999" ind1="C" ind2="5">
      <subfield code="o">[5]</subfield>
      <subfield code="m">V. Cardoso and J. P. S. Lemos,</subfield>
      <subfield code="s">Phys. Rev. D 64 (2001) 084017</subfield>
      <subfield code="r">gr-qc/0105103</subfield>
    </datafield>
    <datafield tag="999" ind1="C" ind2="5">
      <subfield code="o">[6]</subfield>
      <subfield code="m">B. Wang, C. Y. Lin and E. Abdalla,</subfield>
      <subfield code="s">Phys. Lett. B 481 (2000) 79</subfield>
      <subfield code="r">hep-th/0003295</subfield>
    </datafield>
    <datafield tag="999" ind1="C" ind2="5">
      <subfield code="o">[7]</subfield>
      <subfield code="m">E. Berti and K. D. Kokkotas,</subfield>
      <subfield code="s">Phys. Rev. D 67 (2003) 064020</subfield>
      <subfield code="r">gr-qc/0301052</subfield>
    </datafield>
    <datafield tag="999" ind1="C" ind2="5">
      <subfield code="o">[8]</subfield>
      <subfield code="m">F. Mellor and I. Moss,</subfield>
      <subfield code="s">Phys. Rev. D 41 (1990) 403</subfield>
    </datafield>
    <datafield tag="999" ind1="C" ind2="5">
      <subfield code="o">[9]</subfield>
      <subfield code="m">C. Martinez and J. Zanelli,</subfield>
      <subfield code="s">Phys. Rev. D 54 (1996) 3830</subfield>
      <subfield code="r">gr-qc/9604021</subfield>
    </datafield>
    <datafield tag="999" ind1="C" ind2="5">
      <subfield code="o">[10]</subfield>
      <subfield code="m">M. Henneaux, C. Martinez, R. Troncoso and J. Zanelli,</subfield>
      <subfield code="s">Phys. Rev. D 65 (2002) 104007</subfield>
      <subfield code="r">hep-th/0201170</subfield>
    </datafield>
    <datafield tag="999" ind1="C" ind2="5">
      <subfield code="o">[11]</subfield>
      <subfield code="m">C. Martinez, R. Troncoso and J. Zanelli,</subfield>
      <subfield code="s">Phys. Rev. D 67 (2003) 024008</subfield>
      <subfield code="r">hep-th/0205319</subfield>
    </datafield>
    <datafield tag="999" ind1="C" ind2="5">
      <subfield code="o">[12]</subfield>
      <subfield code="m">N. Bocharova, K. Bronnikov and V. Melnikov, Vestn. Mosk. Univ. Fizika</subfield>
      <subfield code="s">Astronomy 6 (1970) 706</subfield>
    </datafield>
    <datafield tag="999" ind1="C" ind2="5">
      <subfield code="o">[12]</subfield>
      <subfield code="m">J. D. Bekenstein,</subfield>
      <subfield code="s">Ann. Phys. 82 (1974) 535</subfield>
    </datafield>
    <datafield tag="999" ind1="C" ind2="5">
      <subfield code="o">[12]</subfield>
      <subfield code="s">Ann. Phys. 91 (1975) 75</subfield>
    </datafield>
    <datafield tag="999" ind1="C" ind2="5">
      <subfield code="o">[13]</subfield>
      <subfield code="m">T. Torii, K. Maeda and M. Narita,</subfield>
      <subfield code="s">Phys. Rev. D 64 (2001) 044007</subfield>
    </datafield>
    <datafield tag="999" ind1="C" ind2="5">
      <subfield code="o">[14]</subfield>
      <subfield code="m">E. Winstanley,</subfield>
      <subfield code="s">Found. Phys. 33 (2003) 111</subfield>
      <subfield code="r">gr-qc/0205092</subfield>
    </datafield>
    <datafield tag="999" ind1="C" ind2="5">
      <subfield code="o">[15]</subfield>
      <subfield code="m">T. Hertog and K. Maeda,</subfield>
      <subfield code="s">J. High Energy Phys. 0407 (2004) 051</subfield>
      <subfield code="r">hep-th/0404261</subfield>
    </datafield>
    <datafield tag="999" ind1="C" ind2="5">
      <subfield code="o">[16]</subfield>
      <subfield code="m">J. P. S. Lemos,</subfield>
      <subfield code="s">Phys. Lett. B 353 (1995) 46</subfield>
      <subfield code="r">gr-qc/9404041</subfield>
    </datafield>
    <datafield tag="999" ind1="C" ind2="5">
      <subfield code="o">[17]</subfield>
      <subfield code="m">R. B. Mann,</subfield>
      <subfield code="s">Class. Quantum Gravity 14 (1997) L109</subfield>
      <subfield code="r">gr-qc/9607071</subfield>
    </datafield>
    <datafield tag="999" ind1="C" ind2="5">
      <subfield code="o">[17]</subfield>
      <subfield code="m">R. B. Mann,</subfield>
      <subfield code="s">Nucl. Phys. B 516 (1998) 357</subfield>
      <subfield code="r">hep-th/9705223</subfield>
    </datafield>
    <datafield tag="999" ind1="C" ind2="5">
      <subfield code="o">[18]</subfield>
      <subfield code="m">L. Vanzo,</subfield>
      <subfield code="s">Phys. Rev. D 56 (1997) 6475</subfield>
      <subfield code="r">gr-qc/9705004</subfield>
    </datafield>
    <datafield tag="999" ind1="C" ind2="5">
      <subfield code="o">[19]</subfield>
      <subfield code="m">D. R. Brill, J. Louko and P. Peldan,</subfield>
      <subfield code="s">Phys. Rev. D 56 (1997) 3600</subfield>
      <subfield code="r">gr-qc/9705012</subfield>
    </datafield>
    <datafield tag="999" ind1="C" ind2="5">
      <subfield code="o">[20]</subfield>
      <subfield code="m">D. Birmingham,</subfield>
      <subfield code="s">Class. Quantum Gravity 16 (1999) 1197</subfield>
      <subfield code="r">hep-th/9808032</subfield>
    </datafield>
    <datafield tag="999" ind1="C" ind2="5">
      <subfield code="o">[21]</subfield>
      <subfield code="m">R. G. Cai and K. S. Soh,</subfield>
      <subfield code="s">Phys. Rev. D 59 (1999) 044013</subfield>
      <subfield code="r">gr-qc/9808067</subfield>
    </datafield>
    <datafield tag="999" ind1="C" ind2="5">
      <subfield code="o">[22]</subfield>
      <subfield code="s">Phys.Rev. D65 (2002) 084006</subfield>
      <subfield code="m">B. Wang, E. Abdalla and R. B. Mann, [arXiv</subfield>
      <subfield code="r">hep-th/0107243</subfield>
    </datafield>
    <datafield tag="999" ind1="C" ind2="5">
      <subfield code="o">[23]</subfield>
      <subfield code="s">Phys.Rev. D65 (2002) 084006</subfield>
      <subfield code="m">R. B. Mann, [arXiv</subfield>
      <subfield code="r">gr-qc/9709039</subfield>
    </datafield>
    <datafield tag="999" ind1="C" ind2="5">
      <subfield code="o">[24]</subfield>
      <subfield code="m">J. Crisostomo, R. Troncoso and J. Zanelli,</subfield>
      <subfield code="s">Phys. Rev. D 62 (2000) 084013</subfield>
      <subfield code="r">hep-th/0003271</subfield>
    </datafield>
    <datafield tag="999" ind1="C" ind2="5">
      <subfield code="o">[25]</subfield>
      <subfield code="m">R. Aros, R. Troncoso and J. Zanelli,</subfield>
      <subfield code="s">Phys. Rev. D 63 (2001) 084015</subfield>
      <subfield code="r">hep-th/0011097</subfield>
    </datafield>
    <datafield tag="999" ind1="C" ind2="5">
      <subfield code="o">[26]</subfield>
      <subfield code="m">R. G. Cai, Y. S. Myung and Y. Z. Zhang,</subfield>
      <subfield code="s">Phys. Rev. D 65 (2002) 084019</subfield>
      <subfield code="r">hep-th/0110234</subfield>
    </datafield>
    <datafield tag="999" ind1="C" ind2="5">
      <subfield code="o">[27]</subfield>
      <subfield code="m">M. H. Dehghani,</subfield>
      <subfield code="s">Phys. Rev. D 70 (2004) 064019</subfield>
      <subfield code="r">hep-th/0405206</subfield>
    </datafield>
    <datafield tag="999" ind1="C" ind2="5">
      <subfield code="o">[28]</subfield>
      <subfield code="m">C. Martinez, R. Troncoso and J. Zanelli,</subfield>
      <subfield code="s">Phys. Rev. D 70 (2004) 084035</subfield>
      <subfield code="r">hep-th/0406111</subfield>
    </datafield>
    <datafield tag="999" ind1="C" ind2="5">
      <subfield code="o">[29]</subfield>
      <subfield code="s">Phys.Rev. D74 (2006) 044028</subfield>
      <subfield code="m">C. Martinez, J. P. Staforelli and R. Troncoso, [arXiv</subfield>
      <subfield code="r">hep-th/0512022</subfield>
    </datafield>
    <datafield tag="999" ind1="C" ind2="5">
      <subfield code="o">[29]</subfield>
      <subfield code="m">C. Martinez and R. Troncoso, [arXiv</subfield>
      <subfield code="s">Phys.Rev. D74 (2006) 064007</subfield>
      <subfield code="r">hep-th/0606130</subfield>
    </datafield>
    <datafield tag="999" ind1="C" ind2="5">
      <subfield code="o">[30]</subfield>
      <subfield code="m">E. Winstanley,</subfield>
      <subfield code="s">Class. Quantum Gravity 22 (2005) 2233</subfield>
      <subfield code="r">gr-qc/0501096</subfield>
    </datafield>
    <datafield tag="999" ind1="C" ind2="5">
      <subfield code="o">[30]</subfield>
      <subfield code="m">E. Radu and E. Win-stanley,</subfield>
      <subfield code="s">Phys. Rev. D 72 (2005) 024017</subfield>
      <subfield code="r">gr-qc/0503095</subfield>
    </datafield>
    <datafield tag="999" ind1="C" ind2="5">
      <subfield code="o">[30]</subfield>
      <subfield code="m">A. M. Barlow, D. Doherty and E. Winstanley,</subfield>
      <subfield code="s">Phys. Rev. D 72 (2005) 024008</subfield>
      <subfield code="r">gr-qc/0504087</subfield>
    </datafield>
    <datafield tag="999" ind1="C" ind2="5">
      <subfield code="o">[31]</subfield>
      <subfield code="m">I. Papadimitriou, [arXiv</subfield>
      <subfield code="s">JHEP 0702 (2007) 008</subfield>
      <subfield code="r">hep-th/0606038</subfield>
    </datafield>
    <datafield tag="999" ind1="C" ind2="5">
      <subfield code="o">[32]</subfield>
      <subfield code="m">P. Breitenlohner and D. Z. Freedman,</subfield>
      <subfield code="s">Phys. Lett. B 115 (1982) 197</subfield>
    </datafield>
    <datafield tag="999" ind1="C" ind2="5">
      <subfield code="o">[32]</subfield>
      <subfield code="s">Ann. Phys. 144 (1982) 249</subfield>
    </datafield>
    <datafield tag="999" ind1="C" ind2="5">
      <subfield code="o">[33]</subfield>
      <subfield code="m">L. Mezincescu and P. K. Townsend,</subfield>
      <subfield code="s">Ann. Phys. 160 (1985) 406</subfield>
    </datafield>
    <datafield tag="999" ind1="C" ind2="5">
      <subfield code="o">[34]</subfield>
      <subfield code="m">V. Cardoso, J. Natario and R. Schiappa,</subfield>
      <subfield code="s">J. Math. Phys. 45 (2004) 4698</subfield>
      <subfield code="r">hep-th/0403132</subfield>
    </datafield>
    <datafield tag="999" ind1="C" ind2="5">
      <subfield code="o">[35]</subfield>
      <subfield code="m">J. Natario and R. Schiappa,</subfield>
      <subfield code="s">Adv. Theor. Math. Phys. 8 (2004) 1001</subfield>
      <subfield code="r">hep-th/0411267</subfield>
    </datafield>
    <datafield tag="999" ind1="C" ind2="5">
      <subfield code="o">[36]</subfield>
      <subfield code="m">S. Musiri, S. Ness and G. Siopsis,</subfield>
      <subfield code="s">Phys. Rev. D 73 (2006) 064001</subfield>
      <subfield code="r">hep-th/0511113</subfield>
    </datafield>
    <datafield tag="999" ind1="C" ind2="5">
      <subfield code="o">[37]</subfield>
      <subfield code="m">L. Motl and A. Neitzke,</subfield>
      <subfield code="s">Adv. Theor. Math. Phys. 7 (2003) 307</subfield>
      <subfield code="r">hep-th/0301173</subfield>
    </datafield>
    <datafield tag="999" ind1="C" ind2="5">
      <subfield code="o">[38]</subfield>
      <subfield code="m">Astron. J. M. Medved, D. Martin and M. Visser,</subfield>
      <subfield code="s">Class. Quantum Gravity 21 (2004) 2393</subfield>
      <subfield code="r">gr-qc/0310097</subfield>
    </datafield>
    <datafield tag="999" ind1="C" ind2="5">
      <subfield code="o">[39]</subfield>
      <subfield code="m">W.-H. Press, S. A. Teukolsky, W. T. Vetterling and B. P. Flannery in Numerical Recipies (Cambridge University Press, Cambridge, England, 1992).</subfield>
    </datafield>
    <datafield tag="999" ind1="C" ind2="5">
      <subfield code="o">[40]</subfield>
      <subfield code="m">G. Koutsoumbas, S. Musiri, E. Papantonopoulos and G. Siopsis, in preparation.</subfield>
    </datafield>
  </record>