
  <record>
    <controlfield tag="003">SzGeCERN</controlfield>
    <datafield tag="037" ind1=" " ind2=" ">
      <subfield code="a">hep-th/0703265</subfield>
    </datafield>
    <datafield tag="041" ind1=" " ind2=" ">
      <subfield code="a">eng</subfield>
    </datafield>
    <datafield tag="088" ind1=" " ind2=" ">
      <subfield code="a">IGPG-07-3-4</subfield>
    </datafield>
    <datafield tag="100" ind1=" " ind2=" ">
      <subfield code="a">Alexander, S</subfield>
      <subfield code="u">The Pennsylvania State University</subfield>
    </datafield>
    <datafield tag="245" ind1=" " ind2=" ">
      <subfield code="a">A new PPN parameter to test Chern-Simons gravity</subfield>
    </datafield>
    <datafield tag="260" ind1=" " ind2=" ">
      <subfield code="c">2007</subfield>
    </datafield>
    <datafield tag="269" ind1=" " ind2=" ">
      <subfield code="c">28 Mar 2007</subfield>
    </datafield>
    <datafield tag="300" ind1=" " ind2=" ">
      <subfield code="a">4 p</subfield>
    </datafield>
    <datafield tag="520" ind1=" " ind2=" ">
      <subfield code="a">We study Chern-Simons (CS) gravity in the parameterized post-Newtonian (PPN) framework through weak-field solutions of the modified field equations for a perfect fluid source. We discover that CS gravity possesses the same PPN parameters as general relativity, except for the inclusion of a new term, proportional both to the CS coupling parameter and the curl of the PPN vector potentials. This new term encodes the key physical effect of CS gravity in the weak-field limit, leading to a modification of frame dragging and, thus, the Lense-Thirring contribution to gyroscopic precession. We provide a physical interpretation for the new term, as well as an estimate of the size of this effect relative to the general relativistic Lense-Thirring prediction. This correction to frame dragging might be used in experiments, such as Gravity Probe B and lunar ranging, to place bounds on the CS coupling parameter, as well as other intrinsic parameters of string theory.</subfield>
    </datafield>
    <datafield tag="595" ind1=" " ind2=" ">
      <subfield code="a">LANL EDS</subfield>
    </datafield>
    <datafield tag="650" ind1="1" ind2="7">
      <subfield code="2">SzGeCERN</subfield>
      <subfield code="a">Particle Physics - Theory</subfield>
    </datafield>
    <datafield tag="690" ind1="C" ind2=" ">
      <subfield code="a">PREPRINT</subfield>
    </datafield>
    <datafield tag="695" ind1=" " ind2=" ">
      <subfield code="9">LANL EDS</subfield>
      <subfield code="a">High Energy Physics - Theory</subfield>
    </datafield>
    <datafield tag="700" ind1=" " ind2=" ">
      <subfield code="a">Yunes, N</subfield>
    </datafield>
    <datafield tag="720" ind1=" " ind2=" ">
      <subfield code="a">Alexander, Stephon</subfield>
    </datafield>
    <datafield tag="720" ind1=" " ind2=" ">
      <subfield code="a">Yunes, Nicolas</subfield>
    </datafield>
    <datafield tag="909" ind1="C" ind2="4">
      <subfield code="p">Phys. Rev. Lett.</subfield>
    </datafield>
    <datafield tag="FFT" ind1=" " ind2=" ">
      <subfield code="a">http://invenio-software.org/download/invenio-demo-site-files/0703265.pdf</subfield>
    </datafield>
    <datafield tag="859" ind1=" " ind2=" ">
      <subfield code="f">yunes@gravity.psu.edu&gt; Uploader Engine &lt;uploader@sundh99.cern.ch</subfield>
    </datafield>
    <datafield tag="916" ind1=" " ind2=" ">
      <subfield code="s">n</subfield>
      <subfield code="w">200713</subfield>
    </datafield>
    <datafield tag="960" ind1=" " ind2=" ">
      <subfield code="a">11</subfield>
    </datafield>
    <datafield tag="961" ind1=" " ind2=" ">
      <subfield code="c">20070417</subfield>
      <subfield code="h">2012</subfield>
      <subfield code="l">CER01</subfield>
      <subfield code="x">20070330</subfield>
    </datafield>
    <datafield tag="963" ind1=" " ind2=" ">
      <subfield code="a">PUBLIC</subfield>
    </datafield>
    <datafield tag="970" ind1=" " ind2=" ">
      <subfield code="a">002685163CER</subfield>
    </datafield>
    <datafield tag="980" ind1=" " ind2=" ">
      <subfield code="a">PREPRINT</subfield>
    </datafield>
    <datafield tag="999" ind1="C" ind2="5">
      <subfield code="o">[1]</subfield>
      <subfield code="m">J. Polchinski, String theory. Vol. 2 Superstring theory and beyond (Cambridge University Press, Cambridge, UK, 1998).</subfield>
    </datafield>
    <datafield tag="999" ind1="C" ind2="5">
      <subfield code="o">[2]</subfield>
      <subfield code="m">S. H. S. Alexander, M. E. Peskin, and M. M. Sheik-Jabbari,</subfield>
      <subfield code="s">Phys. Rev. Lett. 96 (2006) 081301</subfield>
    </datafield>
    <datafield tag="999" ind1="C" ind2="5">
      <subfield code="o">[3]</subfield>
      <subfield code="m">A. Lue, L.-M. Wang, and M. Kamionkowski,</subfield>
      <subfield code="s">Phys. Rev. Lett. 83 (1999) 1506</subfield>
      <subfield code="r">astro-ph/9812088</subfield>
    </datafield>
    <datafield tag="999" ind1="C" ind2="5">
      <subfield code="o">[4]</subfield>
      <subfield code="m">C. M. Will, Theory and experiment in gravitational Physics (Cambridge Univ. Press, Cambridge, UK, 1993).</subfield>
    </datafield>
    <datafield tag="999" ind1="C" ind2="5">
      <subfield code="o">[5]</subfield>
      <subfield code="m">C. M. Will,</subfield>
      <subfield code="s">Phys. Rev. D 57 (1998) 2061</subfield>
      <subfield code="r">gr-qc/9709011</subfield>
    </datafield>
    <datafield tag="999" ind1="C" ind2="5">
      <subfield code="o">[6]</subfield>
      <subfield code="m">C. M. Will and N. Yunes,</subfield>
      <subfield code="s">Class. Quantum Gravity 21 (2004) 4367</subfield>
    </datafield>
    <datafield tag="999" ind1="C" ind2="5">
      <subfield code="o">[7]</subfield>
      <subfield code="m">E. Berti, A. Buonanno, and C. M. Will,</subfield>
      <subfield code="s">Phys. Rev. D 71 (2005) 084025</subfield>
    </datafield>
    <datafield tag="999" ind1="C" ind2="5">
      <subfield code="o">[8]</subfield>
      <subfield code="m">A discussion of the history, technology and Physics of Gravity Probe B can be found at</subfield>
      <subfield code="u">http://einstein.standfod.edu</subfield>
      <subfield code="z">http://einstein.standfod.edu</subfield>
    </datafield>
    <datafield tag="999" ind1="C" ind2="5">
      <subfield code="o">[9]</subfield>
      <subfield code="m">J. Murphy, T. W., K. Nordtvedt, and S. G. Turyshev,</subfield>
      <subfield code="s">Phys. Rev. Lett. 98 (2007) 071102</subfield>
      <subfield code="r">gr-qc/0702028</subfield>
    </datafield>
    <datafield tag="999" ind1="C" ind2="5">
      <subfield code="o">[10]</subfield>
      <subfield code="m">R. Jackiw and S. Y. Pi,</subfield>
      <subfield code="s">Phys. Rev. D 68 (2003) 104012</subfield>
    </datafield>
    <datafield tag="999" ind1="C" ind2="5">
      <subfield code="o">[11]</subfield>
      <subfield code="m">D. Guarrera and Astron. J. Hariton (2007),</subfield>
      <subfield code="s">Phys. Rev. D 76 (2007) 044011</subfield>
      <subfield code="r">gr-qc/0702029</subfield>
    </datafield>
    <datafield tag="999" ind1="C" ind2="5">
      <subfield code="o">[12]</subfield>
      <subfield code="m">S. Alexander and J. Martin,</subfield>
      <subfield code="s">Phys. Rev. D 71 (2005) 063526</subfield>
      <subfield code="r">hep-th/0410230</subfield>
    </datafield>
    <datafield tag="999" ind1="C" ind2="5">
      <subfield code="o">[13]</subfield>
      <subfield code="m">R. J. Gleiser and C. N. Kozameh,</subfield>
      <subfield code="s">Phys. Rev. D 64 (2001) 083007</subfield>
      <subfield code="r">gr-qc/0102093</subfield>
    </datafield>
    <datafield tag="999" ind1="C" ind2="5">
      <subfield code="o">[14]</subfield>
      <subfield code="m">R. H. Brandenberger and C. Vafa,</subfield>
      <subfield code="s">Nucl. Phys. B 316 (1989) 391</subfield>
    </datafield>
    <datafield tag="999" ind1="C" ind2="5">
      <subfield code="o">[15]</subfield>
      <subfield code="m">L. Randall and R. Sundrum,</subfield>
      <subfield code="s">Phys. Rev. Lett. 83 (1999) 4690</subfield>
      <subfield code="r">hep-th/9906064</subfield>
    </datafield>
    <datafield tag="999" ind1="C" ind2="5">
      <subfield code="o">[16]</subfield>
      <subfield code="m">S. Alexander and N. Yunes (2007), in progress.</subfield>
    </datafield>
    <datafield tag="999" ind1="C" ind2="5">
      <subfield code="o">[17]</subfield>
      <subfield code="m">L. Blanchet,</subfield>
      <subfield code="s">Living Rev. Relativ. 9 (2006) 4</subfield>
    </datafield>
    <datafield tag="999" ind1="C" ind2="5">
      <subfield code="o">[17]</subfield>
      <subfield code="m">and references therein,</subfield>
      <subfield code="r">gr-qc/0202016</subfield>
    </datafield>
    <datafield tag="999" ind1="C" ind2="5">
      <subfield code="o">[18]</subfield>
      <subfield code="m">S. Alexander, L. S. Finn, and N. Yunes, in progress (2007).</subfield>
    </datafield>
  </record>