
  <record>
    <controlfield tag="003">SzGeCERN</controlfield>
    <datafield tag="035" ind1=" " ind2=" ">
      <subfield code="a">0237765CERCER</subfield>
    </datafield>
    <datafield tag="035" ind1=" " ind2=" ">
      <subfield code="9">SLAC</subfield>
      <subfield code="a">3455840</subfield>
    </datafield>
    <datafield tag="037" ind1=" " ind2=" ">
      <subfield code="a">hep-th/9611103</subfield>
    </datafield>
    <datafield tag="041" ind1=" " ind2=" ">
      <subfield code="a">eng</subfield>
    </datafield>
    <datafield tag="088" ind1=" " ind2=" ">
      <subfield code="a">PUPT-1665</subfield>
    </datafield>
    <datafield tag="100" ind1=" " ind2=" ">
      <subfield code="a">Periwal, V</subfield>
      <subfield code="u">Princeton University</subfield>
    </datafield>
    <datafield tag="245" ind1=" " ind2=" ">
      <subfield code="a">Matrices on a point as the theory of everything</subfield>
    </datafield>
    <datafield tag="260" ind1=" " ind2=" ">
      <subfield code="c">1997</subfield>
    </datafield>
    <datafield tag="269" ind1=" " ind2=" ">
      <subfield code="a">Princeton, NJ</subfield>
      <subfield code="b">Princeton Univ. Joseph-Henry Lab. Phys.</subfield>
      <subfield code="c">14 Nov 1996</subfield>
    </datafield>
    <datafield tag="300" ind1=" " ind2=" ">
      <subfield code="a">5 p</subfield>
    </datafield>
    <datafield tag="520" ind1=" " ind2=" ">
      <subfield code="a">It is shown that the world-line can be eliminated in the matrix quantum mechanics conjectured by Banks, Fischler, Shenker and Susskind to describe the light-cone physics of M theory. The resulting matrix model has a form that suggests origins in the reduction to a point of a Yang-Mills theory. The reduction of the Nishino-Sezgin $10+2$ dimensional supersymmetric Yang-Mills theory to a point gives a matrix model with the appropriate features: Lorentz invariance in $9+1$ dimensions, supersymmetry, and the correct number of physical degrees of freedom.</subfield>
    </datafield>
    <datafield tag="595" ind1=" " ind2=" ">
      <subfield code="a">SIS UNC98</subfield>
    </datafield>
    <datafield tag="595" ind1=" " ind2=" ">
      <subfield code="a">LANL EDS</subfield>
    </datafield>
    <datafield tag="650" ind1="1" ind2="7">
      <subfield code="2">SzGeCERN</subfield>
      <subfield code="a">Particle Physics - Theory</subfield>
    </datafield>
    <datafield tag="690" ind1="C" ind2=" ">
      <subfield code="a">ARTICLE</subfield>
    </datafield>
    <datafield tag="720" ind1=" " ind2=" ">
      <subfield code="a">Periwal, Vipul</subfield>
    </datafield>
    <datafield tag="909" ind1="C" ind2="4">
      <subfield code="c">1711</subfield>
      <subfield code="n">4</subfield>
      <subfield code="p">Phys. Rev. D</subfield>
      <subfield code="v">55</subfield>
      <subfield code="y">1997</subfield>
    </datafield>
    <datafield tag="FFT" ind1=" " ind2=" ">
      <subfield code="a">http://invenio-software.org/download/invenio-demo-site-files/9611103.pdf</subfield>
    </datafield>
    <datafield tag="859" ind1=" " ind2=" ">
      <subfield code="f">vipul@viper.princeton.edu</subfield>
    </datafield>
    <datafield tag="916" ind1=" " ind2=" ">
      <subfield code="s">n</subfield>
      <subfield code="w">199648</subfield>
    </datafield>
    <datafield tag="960" ind1=" " ind2=" ">
      <subfield code="a">13</subfield>
    </datafield>
    <datafield tag="961" ind1=" " ind2=" ">
      <subfield code="c">20070310</subfield>
      <subfield code="h">0012</subfield>
      <subfield code="l">CER01</subfield>
      <subfield code="x">19961115</subfield>
    </datafield>
    <datafield tag="963" ind1=" " ind2=" ">
      <subfield code="a">PUBLIC</subfield>
    </datafield>
    <datafield tag="970" ind1=" " ind2=" ">
      <subfield code="a">000237765CER</subfield>
    </datafield>
    <datafield tag="980" ind1=" " ind2=" ">
      <subfield code="a">ARTICLE</subfield>
    </datafield>
  <datafield tag="999" ind1="C" ind2="5">
      <subfield code="o">1.</subfield>
      <subfield code="h">T. Banks, W. Fischler, S. Shenker and L. Susskind</subfield>
      <subfield code="r">hep-th/9610043</subfield>
   </datafield>
   <datafield tag="999" ind1="C" ind2="5">
      <subfield code="o">2.</subfield>
      <subfield code="h">E. Witten</subfield>
      <subfield code="s">Nucl. Phys B 460 (1995) 335</subfield>
   </datafield>
   <datafield tag="999" ind1="C" ind2="5">
      <subfield code="o">3.</subfield>
      <subfield code="h">B. de Wit, J. Hoppe and H. Nicolai</subfield>
      <subfield code="s">Nucl. Phys B 305 (1988) 545</subfield>
   </datafield>
   <datafield tag="999" ind1="C" ind2="5">
      <subfield code="o">4.</subfield>
      <subfield code="h">M. Berkooz and M. Douglas</subfield>
      <subfield code="r">hep-th/9610236</subfield>
   </datafield>
   <datafield tag="999" ind1="C" ind2="5">
      <subfield code="o">5.</subfield>
      <subfield code="h">H. Nishino and E. Sezgin</subfield>
      <subfield code="r">hep-th/9607185</subfield>
   </datafield>
   <datafield tag="999" ind1="C" ind2="5">
      <subfield code="o">6.</subfield>
      <subfield code="h">M. Blencowe and M. Duff</subfield>
      <subfield code="s">Nucl. Phys B 310 (1988) 387</subfield>
   </datafield>
   <datafield tag="999" ind1="C" ind2="5">
      <subfield code="o">7.</subfield>
      <subfield code="h">C. Vafa</subfield>
      <subfield code="s">Nucl. Phys B 469 (1996) 403</subfield>
      <subfield code="m">9</subfield>
   </datafield>
   <datafield tag="999" ind1="C" ind2="5">
      <subfield code="o">7.</subfield>
      <subfield code="h">C. Hull</subfield>
      <subfield code="r">hep-th/9512181</subfield>
   </datafield>
   <datafield tag="999" ind1="C" ind2="5">
      <subfield code="o">8.</subfield>
      <subfield code="h">D. Kutasov and E. Martinec</subfield>
      <subfield code="r">hep-th/9602049</subfield>
      <subfield code="m">10</subfield>
   </datafield>
   <datafield tag="999" ind1="C" ind2="5">
      <subfield code="o">8.</subfield>
      <subfield code="h">I. Bars</subfield>
      <subfield code="r">hep-th/9607112</subfield>
      <subfield code="m">11. For some background on the choice of 10+2, see e.g</subfield>
   </datafield>
   <datafield tag="999" ind1="C" ind2="5">
      <subfield code="o">8.</subfield>
      <subfield code="h">L. Castellani, P. Fré, F. Giani, K. Pilch and P. van Nieuwenhuizen</subfield>
      <subfield code="s">Phys. Rev D 26 (1982) 1481</subfield>
      <subfield code="m">12</subfield>
   </datafield>
   <datafield tag="999" ind1="C" ind2="5">
      <subfield code="o">8.</subfield>
      <subfield code="h">A. Connes</subfield>
      <subfield code="m">Non-commutative Geometry, Academic Press (San Diego, 1994) 5</subfield>
   </datafield>
   <datafield tag="999" ind1="C" ind2="5">
      <subfield code="o">3.</subfield>
      <subfield code="h">B. de Wit, J. Hoppe and H. Nicolai</subfield>
      <subfield code="s">Nucl. Phys B 305 (1988) 545</subfield>
   </datafield>
   <datafield tag="999" ind1="C" ind2="5">
      <subfield code="o">4.</subfield>
      <subfield code="h">M. Berkooz and M. Douglas</subfield>
      <subfield code="r">hep-th/9610236</subfield>
   </datafield>
   <datafield tag="999" ind1="C" ind2="5">
      <subfield code="o">5.</subfield>
      <subfield code="h">H. Nishino and E. Sezgin</subfield>
      <subfield code="r">hep-th/9607185</subfield>
   </datafield>
   <datafield tag="999" ind1="C" ind2="5">
      <subfield code="o">6.</subfield>
      <subfield code="h">M. Blencowe and M. Duff</subfield>
      <subfield code="s">Nucl. Phys B 310 (1988) 387</subfield>
   </datafield>
   <datafield tag="999" ind1="C" ind2="5">
      <subfield code="o">7.</subfield>
      <subfield code="h">C. Vafa</subfield>
      <subfield code="s">Nucl. Phys B 469 (1996) 403</subfield>
      <subfield code="m">9</subfield>
   </datafield>
   <datafield tag="999" ind1="C" ind2="5">
      <subfield code="o">7.</subfield>
      <subfield code="h">C. Hull</subfield>
      <subfield code="r">hep-th/9512181</subfield>
   </datafield>
   <datafield tag="999" ind1="C" ind2="5">
      <subfield code="o">8.</subfield>
      <subfield code="h">D. Kutasov and E. Martinec</subfield>
      <subfield code="r">hep-th/9602049</subfield>
      <subfield code="m">10</subfield>
   </datafield>
   <datafield tag="999" ind1="C" ind2="5">
      <subfield code="o">8.</subfield>
      <subfield code="h">I. Bars</subfield>
      <subfield code="r">hep-th/9607112</subfield>
      <subfield code="m">11. For some background on the choice of 10+2, see e.g</subfield>
   </datafield>
   <datafield tag="999" ind1="C" ind2="5">
      <subfield code="o">8.</subfield>
      <subfield code="h">L. Castellani, P. Fré, F. Giani, K. Pilch and P. van Nieuwenhuizen</subfield>
      <subfield code="s">Phys. Rev D 26 (1982) 1481</subfield>
      <subfield code="m">12</subfield>
   </datafield>
   <datafield tag="999" ind1="C" ind2="5">
      <subfield code="o">8.</subfield>
      <subfield code="h">A. Connes</subfield>
      <subfield code="m">Non-commutative Geometry, Academic Press (San Diego, 1994) 5</subfield>
   </datafield>
  </record>