
  <record>
    <datafield tag="035" ind1="" ind2="">
      <subfield code="a">0289446CERCER</subfield>
    </datafield>
    <datafield tag="035" ind1="" ind2="">
      <subfield code="9">SLAC</subfield>
      <subfield code="a">3838510</subfield>
    </datafield>
    <datafield tag="037" ind1="" ind2="">
      <subfield code="a">hep-th/9809057</subfield>
    </datafield>
    <datafield tag="041" ind1="" ind2="">
      <subfield code="a">eng</subfield>
    </datafield>
    <datafield tag="100" ind1="" ind2="">
      <subfield code="a">Polyakov, A M</subfield>
      <subfield code="u">Princeton University</subfield>
    </datafield>
    <datafield tag="245" ind1="" ind2="">
      <subfield code="a">The wall of the cave</subfield>
    </datafield>
    <datafield tag="260" ind1="" ind2="">
      <subfield code="c">1999</subfield>
    </datafield>
    <datafield tag="520" ind1="" ind2="">
      <subfield code="a">In this article old and new relations between gauge fields and strings are discussed. We add new arguments that the Yang Mills theories must be described by the non-critical strings in the five dimensional curved space. The physical meaning of the fifth dimension is that of the renormalization scale represented by the Liouville field. We analyze the meaning of the zigzag symmetry and show that it is likely to be present if there is a minimal supersymmetry on the world sheet. We also present the new string backgrounds which may be relevant for the description of the ordinary bosonic Yang-Mills theories. The article is written on the occasion of the 40-th anniversary of the IHES.</subfield>
    </datafield>
    <datafield tag="595" ind1="" ind2="">
      <subfield code="a">SIS LANLPUBL2001</subfield>
    </datafield>
    <datafield tag="595" ind1="" ind2="">
      <subfield code="a">LANL EDS</subfield>
    </datafield>
    <datafield tag="595" ind1="" ind2="">
      <subfield code="a">SIS:2001 PR/LKR added</subfield>
    </datafield>
    <datafield tag="650" ind1="1" ind2="7">
      <subfield code="2">SzGeCERN</subfield>
      <subfield code="a">Particle Physics - Theory</subfield>
    </datafield>
    <datafield tag="690" ind1="C" ind2="">
      <subfield code="a">ARTICLE</subfield>
    </datafield>
    <datafield tag="909" ind1="C" ind2="4">
      <subfield code="c">645-658</subfield>
      <subfield code="p">Int. J. Mod. Phys. A</subfield>
      <subfield code="v">14</subfield>
      <subfield code="y">1999</subfield>
    </datafield>
    <datafield tag="859" ind1="" ind2="">
      <subfield code="f">polyakov@puhep1.princeton.edu</subfield>
    </datafield>
    <datafield tag="916" ind1="" ind2="">
      <subfield code="s">n</subfield>
      <subfield code="w">199837</subfield>
    </datafield>
    <datafield tag="960" ind1="" ind2="">
      <subfield code="a">13</subfield>
    </datafield>
    <datafield tag="961" ind1="" ind2="">
      <subfield code="c">20060916</subfield>
      <subfield code="h">0007</subfield>
      <subfield code="l">CER01</subfield>
      <subfield code="x">19980910</subfield>
    </datafield>
    <datafield tag="963" ind1="" ind2="">
      <subfield code="a">PUBLIC</subfield>
    </datafield>
    <datafield tag="970" ind1="" ind2="">
      <subfield code="a">000289446CER</subfield>
    </datafield>
    <datafield tag="980" ind1="" ind2="">
      <subfield code="a">ARTICLE</subfield>
    </datafield>
    <datafield tag="FFT" ind1=" " ind2=" ">
      <subfield code="a">http://invenio-software.org/download/invenio-demo-site-files/9809057.pdf</subfield>
    </datafield>
    <!--added using refextract-->
   <datafield tag="999" ind1="C" ind2="5">
      <subfield code="o">[1]</subfield>
      <subfield code="m">K. Wilson</subfield>
      <subfield code="s">Phys. Rev. D 10 (1974) 2445</subfield>
   </datafield>
   <datafield tag="999" ind1="C" ind2="5">
      <subfield code="o">[2]</subfield>
      <subfield code="m">A. Polyakov</subfield>
      <subfield code="s">Phys. Lett. B 59 (1975) 82</subfield>
   </datafield>
   <datafield tag="999" ind1="C" ind2="5">
      <subfield code="o">[3]</subfield>
      <subfield code="m">A.Polyakov</subfield>
      <subfield code="s">Nucl. Phys. B 120 (1977) 429</subfield>
   </datafield>
   <datafield tag="999" ind1="C" ind2="5">
      <subfield code="o">[4]</subfield>
      <subfield code="m">S. Mandelstam</subfield>
      <subfield code="s">Phys. Rep., C 23 (1976) 245</subfield>
   </datafield>
   <datafield tag="999" ind1="C" ind2="5">
      <subfield code="o">[5]</subfield>
      <subfield code="m">G. t’Hooft in High Energy Phys., Zichichi editor, Bolognia (1976)</subfield>
   </datafield>
   <datafield tag="999" ind1="C" ind2="5">
      <subfield code="o">[6]</subfield>
      <subfield code="m">A. Polyakov</subfield>
      <subfield code="r">hep-th/9711002</subfield>
   </datafield>
   <datafield tag="999" ind1="C" ind2="5">
      <subfield code="o">[7]</subfield>
      <subfield code="m">I. Klebanov</subfield>
      <subfield code="s">Nucl. Phys. B 496 (1997) 231</subfield>
   </datafield>
   <datafield tag="999" ind1="C" ind2="5">
      <subfield code="o">[8]</subfield>
      <subfield code="m">J. Maldacena</subfield>
      <subfield code="r">hep-th/9711200</subfield>
   </datafield>
   <datafield tag="999" ind1="C" ind2="5">
      <subfield code="o">[9]</subfield>
      <subfield code="m">S. Gubser I. Klebanov A. Polyakov</subfield>
      <subfield code="r">hep-th/9802109</subfield>
   </datafield>
   <datafield tag="999" ind1="C" ind2="5">
      <subfield code="o">[10]</subfield>
      <subfield code="m">E. Witten</subfield>
      <subfield code="r">hep-th/9802150</subfield>
   </datafield>
   <datafield tag="999" ind1="C" ind2="5">
      <subfield code="o">[11]</subfield>
      <subfield code="m">L. Brink P. di Vecchia P. Howe</subfield>
      <subfield code="s">Phys. Lett. B 63 (1976) 471</subfield>
   </datafield>
   <datafield tag="999" ind1="C" ind2="5">
      <subfield code="o">[12]</subfield>
      <subfield code="m">S. Deser B. Zumino</subfield>
      <subfield code="s">Phys. Lett. B 65 (1976) 369</subfield>
   </datafield>
   <datafield tag="999" ind1="C" ind2="5">
      <subfield code="o">[13]</subfield>
      <subfield code="m">A. Polyakov</subfield>
      <subfield code="s">Phys. Lett. B 103 (1981) 207</subfield>
   </datafield>
   <datafield tag="999" ind1="C" ind2="5">
      <subfield code="o">[14]</subfield>
      <subfield code="m">T. Curtright C. Thorn</subfield>
      <subfield code="s">Phys. Rev. Lett. 48 (1982) 1309</subfield>
   </datafield>
   <datafield tag="999" ind1="C" ind2="5">
      <subfield code="o">[15]</subfield>
      <subfield code="m">J. Gervais A. Neveu</subfield>
      <subfield code="s">Nucl. Phys. B 199 (1982) 59</subfield>
   </datafield>
   <datafield tag="999" ind1="C" ind2="5">
      <subfield code="o">[16]</subfield>
      <subfield code="m">J. Polchinski</subfield>
      <subfield code="s">Nucl. Phys. B 346 (1990) 253</subfield>
   </datafield>
   <datafield tag="999" ind1="C" ind2="5">
      <subfield code="o">[17]</subfield>
      <subfield code="m">C. Callan E. Martinec M. Perry D. Friedan</subfield>
      <subfield code="s">Nucl. Phys. B 262 (1985) 593</subfield>
   </datafield>
   <datafield tag="999" ind1="C" ind2="5">
      <subfield code="o">[18]</subfield>
      <subfield code="m">A. Polyakov Proceedings of Les Houches (1992)</subfield>
   </datafield>
   <datafield tag="999" ind1="C" ind2="5">
      <subfield code="o">[19]</subfield>
      <subfield code="m">A. Polyakov</subfield>
      <subfield code="s">Nucl. Phys. B 164 (1980) 171</subfield>
   </datafield>
   <datafield tag="999" ind1="C" ind2="5">
      <subfield code="o">[20]</subfield>
      <subfield code="m">Y. Makeenko A. Migdal</subfield>
      <subfield code="s">Nucl. Phys. B 188 (1981) 269</subfield>
   </datafield>
   <datafield tag="999" ind1="C" ind2="5">
      <subfield code="o">[21]</subfield>
      <subfield code="m">H. Verlinde</subfield>
      <subfield code="r">hep-th/9705029</subfield>
   </datafield>
   <datafield tag="999" ind1="C" ind2="5">
      <subfield code="o">[22]</subfield>
      <subfield code="m">A. Migdal</subfield>
      <subfield code="s">Nucl. Phys. B, Proc. Suppl. 41 (1995) 51</subfield>
   </datafield>
   <datafield tag="999" ind1="C" ind2="5">
      <subfield code="o">[23]</subfield>
      <subfield code="m">J. Maldacena</subfield>
      <subfield code="r">hep-th/9803002</subfield>
   </datafield>
   <datafield tag="999" ind1="C" ind2="5">
      <subfield code="o">[24]</subfield>
      <subfield code="m">G. Horowitz A. Strominger</subfield>
      <subfield code="s">Nucl. Phys. B 360 (1991) 197</subfield>
   </datafield>
   <datafield tag="999" ind1="C" ind2="5">
      <subfield code="o">[25]</subfield>
      <subfield code="m">A. Lukas B. Ovrut D. Waldram</subfield>
      <subfield code="r">hep-th/9802041</subfield>
   </datafield>
   <datafield tag="999" ind1="C" ind2="5">
      <subfield code="o">[26]</subfield>
      <subfield code="m">K. Wilson</subfield>
      <subfield code="s">Phys. Rev. 179 (1969) 1499</subfield>
   </datafield>
   <datafield tag="999" ind1="C" ind2="5">
      <subfield code="o">[27]</subfield>
      <subfield code="m">A. Polyakov</subfield>
      <subfield code="s">Zh. Eksp. Teor. Fiz. 59 (1970) 542</subfield>
   </datafield>
   <datafield tag="999" ind1="C" ind2="5">
      <subfield code="o">[27]</subfield>
      <subfield code="s">Pis'ma Zh. Eksp. Teor. Fiz. 12 (1970) 538</subfield>
   </datafield>
   <datafield tag="999" ind1="C" ind2="5">
      <subfield code="o">[28]</subfield>
      <subfield code="m">A. Peet J. Polchinski</subfield>
      <subfield code="r">hep-th/9809022</subfield>
   </datafield>
   <datafield tag="999" ind1="C" ind2="5">
      <subfield code="o">[29]</subfield>
      <subfield code="m">E. Fradkin A. Tseytlin</subfield>
      <subfield code="s">Phys. Lett. B 178 (1986) 34</subfield>
   </datafield>
   <datafield tag="999" ind1="C" ind2="5">
      <subfield code="o">[30]</subfield>
      <subfield code="m">S. Gubser I. Klebanov</subfield>
      <subfield code="r">hep-th/9708005</subfield>
   </datafield>
  </record>