
  <record>
    <controlfield tag="003">SzGeCERN</controlfield>
    <controlfield tag="005">20070110102840.0</controlfield>
    <datafield tag="035" ind1=" " ind2=" ">
      <subfield code="a">0008580CERCER</subfield>
    </datafield>
    <datafield tag="041" ind1=" " ind2=" ">
      <subfield code="a">eng</subfield>
    </datafield>
    <datafield tag="088" ind1=" " ind2=" ">
      <subfield code="9">SCAN-9709037</subfield>
    </datafield>
    <datafield tag="088" ind1=" " ind2=" ">
      <subfield code="a">UCRL-8417</subfield>
    </datafield>
    <datafield tag="100" ind1=" " ind2=" ">
      <subfield code="a">Orear, J</subfield>
    </datafield>
    <datafield tag="245" ind1=" " ind2=" ">
      <subfield code="a">Notes on statistics for physicists</subfield>
    </datafield>
    <datafield tag="246" ind1=" " ind2=" ">
      <subfield code="a">Statistics for physicists</subfield>
    </datafield>
    <datafield tag="260" ind1=" " ind2=" ">
      <subfield code="c">1958</subfield>
    </datafield>
    <datafield tag="269" ind1=" " ind2=" ">
      <subfield code="a">Berkeley, CA</subfield>
      <subfield code="b">Lawrence Berkeley Nat. Lab.</subfield>
      <subfield code="c">13 Aug 1958</subfield>
    </datafield>
    <datafield tag="300" ind1=" " ind2=" ">
      <subfield code="a">34 p</subfield>
    </datafield>
    <datafield tag="650" ind1="1" ind2="7">
      <subfield code="2">SzGeCERN</subfield>
      <subfield code="a">Mathematical Physics and Mathematics</subfield>
    </datafield>
    <datafield tag="690" ind1="C" ind2=" ">
      <subfield code="a">PREPRINT</subfield>
    </datafield>
    <datafield tag="909" ind1="C" ind2="O">
      <subfield code="a">oai:cds.cern.ch:SCAN-9709037</subfield>
      <subfield code="p">cerncds:SCAN</subfield>
      <subfield code="p">cerncds:FULLTEXT</subfield>
    </datafield>
    <datafield tag="916" ind1=" " ind2=" ">
      <subfield code="s">h</subfield>
      <subfield code="w">199700</subfield>
    </datafield>
    <datafield tag="960" ind1=" " ind2=" ">
      <subfield code="a">11</subfield>
    </datafield>
    <datafield tag="961" ind1=" " ind2=" ">
      <subfield code="c">20070110</subfield>
      <subfield code="h">1028</subfield>
      <subfield code="l">CER01</subfield>
      <subfield code="x">19900127</subfield>
    </datafield>
    <datafield tag="963" ind1=" " ind2=" ">
      <subfield code="a">PUBLIC</subfield>
    </datafield>
    <datafield tag="980" ind1=" " ind2=" ">
      <subfield code="a">PREPRINT</subfield>
    </datafield>
    <datafield tag="980" ind1=" " ind2=" ">
      <subfield code="a">DRAFT</subfield>
    </datafield>
    <datafield tag="964" ind1=" " ind2=" ">
      <subfield code="a">0001</subfield>
    </datafield>
    <datafield tag="970" ind1=" " ind2=" ">
      <subfield code="a">000008580CER</subfield>
    </datafield>
    <datafield tag="FFT" ind1=" " ind2=" ">
        <subfield code="a">http://invenio-software.org/download/invenio-demo-site-files/9709037.pdf</subfield>
    </datafield>
  </record>