
  <record>
    <datafield tag="037" ind1=" " ind2=" ">
      <subfield code="a">BUL-NEWS-2009-003</subfield>
    </datafield>
    <datafield tag="041" ind1=" " ind2=" ">
      <subfield code="a">eng</subfield>
    </datafield>
    <datafield tag="100" ind1=" " ind2=" ">
      <subfield code="a">Plato</subfield>
    </datafield>
    <datafield tag="245" ind1=" " ind2=" ">
      <subfield code="a">Atlantis (Timaeus)</subfield>
    </datafield>
    <datafield tag="520" ind1=" " ind2=" ">
      <subfield code="b">&lt;!--HTML-->&lt;p class="articleHeader">This great island lay over against the Pillars of Heracles, in extent greater than Libya and Asia put together, and was the passage to other islands and to a great ocean of which the Mediterranean sea was only the harbour; and within the Pillars the empire of Atlantis reached in Europe to Tyrrhenia and in Libya to Egypt.&lt;/p> &lt;p>This mighty power was arrayed against Egypt and Hellas and all the countries&lt;/p> &lt;div class="phrwithcaption"> &lt;div class="imageScale">&lt;img src="http://invenio-software.org/download/invenio-demo-site-files/icon-journal_Athanasius_Kircher_Atlantis_image.gif" alt="" />&lt;/div> &lt;p>Representation of Atlantis by Athanasius Kircher (1669)&lt;/p> &lt;/div> bordering on the Mediterranean. Then your city did bravely, and won renown over the whole earth. For at the peril of her own existence, and when the other Hellenes had deserted her, she repelled the invader, and of her own accord gave liberty to all the nations within the Pillars. A little while afterwards there were great earthquakes and floods, and your warrior race all sank into the earth; and the great island of Atlantis also disappeared in the sea. This is the explanation of the shallows which are found in that part of the Atlantic ocean. &lt;p> &lt;/p> (Excerpt from TIMAEUS, By Plato, translated By Jowett, Benjamin)&lt;br /></subfield>
    </datafield>
    <datafield tag="590" ind1=" " ind2=" ">
      <subfield code="b">&lt;!--HTML-->&lt;br /></subfield>
    </datafield>
    <datafield tag="773" ind1=" " ind2=" ">
      <subfield code="c">1</subfield>
      <subfield code="n">02/2009</subfield>
      <subfield code="t">Atlantis Times</subfield>
    </datafield>
    <datafield tag="773" ind1=" " ind2=" ">
      <subfield code="c">1</subfield>
      <subfield code="n">03/2009</subfield>
      <subfield code="t">Atlantis Times</subfield>
    </datafield>
    <datafield tag="773" ind1=" " ind2=" ">
      <subfield code="c">1</subfield>
      <subfield code="n">04/2009</subfield>
      <subfield code="t">Atlantis Times</subfield>
    </datafield>
    <datafield tag="980" ind1=" " ind2=" ">
      <subfield code="a">ATLANTISTIMESNEWS</subfield>
    </datafield>
    <datafield tag="FFT" ind1=" " ind2=" ">
      <subfield code="a">http://invenio-software.org/download/invenio-demo-site-files/journal_Athanasius_Kircher_Atlantis_image.gif</subfield>
      <subfield code="x">http://invenio-software.org/download/invenio-demo-site-files/icon-journal_Athanasius_Kircher_Atlantis_image.gif</subfield>
    </datafield>
  </record>