
  <record>
    <datafield tag="041" ind1=" " ind2=" ">
      <subfield code="a">zho</subfield>
    </datafield>
    <datafield tag="100" ind1=" " ind2=" ">
      <subfield code="a">李白</subfield>
      <subfield code="q">Li Bai</subfield>
    </datafield>
    <datafield tag="242" ind1=" " ind2=" ">
      <subfield code="a">Alone Looking at the Mountain</subfield>
      <subfield code="y">eng</subfield>
    </datafield>
    <datafield tag="245" ind1=" " ind2=" ">
      <subfield code="a">敬亭獨坐</subfield>
    </datafield>
    <datafield tag="520" ind1=" " ind2=" ">
      <subfield code="a">
&lt;!--HTML--&gt;眾鳥高飛盡&lt;br /&gt;
孤雲去獨閒&lt;br /&gt;
相看兩不厭&lt;br /&gt;
唯有敬亭山
      </subfield>
      <subfield code="t">
&lt;!--HTML--&gt;All the birds have flown up and gone;&lt;br /&gt;
A lonely cloud floats leisurely by.&lt;br /&gt;
We never tire of looking at each other -&lt;br /&gt;
Only the mountain and I.
      </subfield>
    </datafield>
    <datafield tag="909" ind1="C" ind2="0">
      <subfield code="y">701-762</subfield>
    </datafield>
    <datafield tag="909" ind1="C" ind2="1">
      <subfield code="c">2009-09-16</subfield>
      <subfield code="l">00</subfield>
      <subfield code="m">2009-09-16</subfield>
      <subfield code="o">BATCH</subfield>
    </datafield>
    <datafield tag="980" ind1=" " ind2=" ">
      <subfield code="a">POETRY</subfield>
    </datafield>
  </record>