
  <record>
    <controlfield tag="005">20110118111428.0</controlfield>
    <datafield tag="035" ind1=" " ind2=" ">
        <subfield code="9">Inspire</subfield>
        <subfield code="a">882629</subfield>
    </datafield>
    <datafield tag="035" ind1=" " ind2=" ">
        <subfield code="9">SPIRES</subfield>
        <subfield code="a">8921016</subfield>
    </datafield>
    <datafield tag="041" ind1=" " ind2=" ">
        <subfield code="a">eng</subfield>
    </datafield>
    <datafield tag="088" ind1=" " ind2=" ">
        <subfield code="a">CERN-THESIS-99-074</subfield>
    </datafield>
    <datafield tag="100" ind1=" " ind2=" ">
        <subfield code="a">Goodsir, S M</subfield>
        <subfield code="u">Imperial Coll., London</subfield>
    </datafield>
    <datafield tag="245" ind1=" " ind2=" ">
        <subfield code="a">A W mass measurement with the ALEPH detector</subfield>
    </datafield>
    <datafield tag="260" ind1=" " ind2=" ">
        <subfield code="a">London</subfield>
        <subfield code="b">Imperial Coll.</subfield>
        <subfield code="c">1999</subfield>
    </datafield>
    <datafield tag="502" ind1=" " ind2=" ">
        <subfield code="a">PhD</subfield>
        <subfield code="b">London U.</subfield>
        <subfield code="c">1999</subfield>
    </datafield>
    <datafield tag="595" ind1=" " ind2=" ">
        <subfield code="a">No fulltext</subfield>
    </datafield>
    <datafield tag="595" ind1=" " ind2=" ">
        <subfield code="a">CERN EDS</subfield>
    </datafield>
    <datafield tag="650" ind1="1" ind2="7">
        <subfield code="2">SzGeCERN</subfield>
        <subfield code="a">Detectors and Experimental Techniques</subfield>
    </datafield>
    <datafield tag="690" ind1="C" ind2=" ">
        <subfield code="a">THESIS</subfield>
    </datafield>
    <datafield tag="690" ind1="C" ind2=" ">
        <subfield code="a">CERN</subfield>
    </datafield>
    <datafield tag="690" ind1="C" ind2=" ">
        <subfield code="a">ALEPH</subfield>
    </datafield>
    <datafield tag="693" ind1=" " ind2=" ">
        <subfield code="a">CERN LHC</subfield>
        <subfield code="e">ALEPH</subfield>
    </datafield>
    <datafield tag="916" ind1=" " ind2=" ">
        <subfield code="s">h</subfield>
        <subfield code="w">201103</subfield>
    </datafield>
    <datafield tag="960" ind1=" " ind2=" ">
        <subfield code="a">14</subfield>
    </datafield>
    <datafield tag="961" ind1=" " ind2=" ">
        <subfield code="c">20110128</subfield>
        <subfield code="h">1717</subfield>
        <subfield code="l">CER01</subfield>
        <subfield code="x">20110118</subfield>
    </datafield>
    <datafield tag="963" ind1=" " ind2=" ">
        <subfield code="a">PUBLIC</subfield>
    </datafield>
    <datafield tag="970" ind1=" " ind2=" ">
        <subfield code="a">002943225CER</subfield>
    </datafield>
    <datafield tag="980" ind1=" " ind2=" ">
        <subfield code="a">ALEPHTHESIS</subfield>
    </datafield>
    <datafield tag="980" ind1=" " ind2=" ">
        <subfield code="a">THESIS</subfield>
    </datafield>
    <datafield tag="980" ind1=" " ind2=" ">
        <subfield code="a">DRAFT</subfield>
    </datafield>
    <datafield tag="024" ind1="8" ind2=" ">
        <subfield code="a">oai:cds.cern.ch:1322667</subfield>
        <subfield code="p">cerncds:CERN</subfield>
    </datafield>
  </record>