
  <record>
    <controlfield tag="003">SzGeCERN</controlfield>
    <datafield tag="035" ind1=" " ind2=" ">
        <subfield code="9">CDS</subfield>
    </datafield>
    <datafield tag="035" ind1=" " ind2=" ">
        <subfield code="9">INIS</subfield>
        <subfield code="a">33028075</subfield>
    </datafield>
    <datafield tag="041" ind1=" " ind2=" ">
        <subfield code="a">eng</subfield>
    </datafield>
    <datafield tag="100" ind1=" " ind2=" ">
        <subfield code="a">Hodgson, P</subfield>
    </datafield>
    <datafield tag="245" ind1=" " ind2=" ">
        <subfield code="a">A measurement of the di-jet cross-sections in two photon physics at LEP 2</subfield>
    </datafield>
    <datafield tag="260" ind1=" " ind2=" ">
        <subfield code="a">Sheffield</subfield>
        <subfield code="b">Sheffield Univ.</subfield>
        <subfield code="c">2001</subfield>
    </datafield>
    <datafield tag="300" ind1=" " ind2=" ">
        <subfield code="a">mult. p</subfield>
    </datafield>
    <datafield tag="502" ind1=" " ind2=" ">
        <subfield code="a">PhD</subfield>
        <subfield code="b">Sheffield Univ.</subfield>
        <subfield code="c">2001</subfield>
    </datafield>
    <datafield tag="520" ind1=" " ind2=" ">
        <subfield code="a">This thesis presents a study of di-jet production in untagged two photon events in the ALEPH detector at LEP with sq root s=183 GeV. A low background sample of 145146 untagged gamma gamma events is obtained and from this 2346 di-jet events are found. A clustering algorithm, KTCLUS, is used to reconstruct the jet momenta. The data is corrected back to hadron level using the PHOJET Monte Carlo and this sample is compared with two independent NLO QCD calculations. Good agreement is seen except at the lowest jet P sub T , where the calculations overshoot the data; however, it should be noted that perturbative QCD is less reliable at low P sub T.</subfield>
    </datafield>
    <datafield tag="595" ind1=" " ind2=" ">
        <subfield code="a">SIS INIS2004</subfield>
    </datafield>
    <datafield tag="650" ind1="1" ind2="7">
        <subfield code="2">SzGeCERN</subfield>
        <subfield code="a">Particle Physics</subfield>
    </datafield>
    <datafield tag="690" ind1="C" ind2=" ">
        <subfield code="a">THESIS</subfield>
    </datafield>
    <datafield tag="690" ind1="C" ind2=" ">
        <subfield code="a">ALEPH</subfield>
    </datafield>
    <datafield tag="693" ind1=" " ind2=" ">
        <subfield code="a">CERN LEP</subfield>
        <subfield code="e">ALEPH</subfield>
    </datafield>
    <datafield tag="694" ind1=" " ind2=" ">
        <subfield code="9">INIS</subfield>
        <subfield code="a">Physics of elementary particles and fields</subfield>
    </datafield>
    <datafield tag="695" ind1=" " ind2=" ">
        <subfield code="9">INIS</subfield>
        <subfield code="a">accelerators-</subfield>
    </datafield>
    <datafield tag="695" ind1=" " ind2=" ">
        <subfield code="9">INIS</subfield>
        <subfield code="a">bosons-</subfield>
    </datafield>
    <datafield tag="695" ind1=" " ind2=" ">
        <subfield code="9">INIS</subfield>
        <subfield code="a">computer-codes</subfield>
    </datafield>
    <datafield tag="695" ind1=" " ind2=" ">
        <subfield code="9">INIS</subfield>
        <subfield code="a">cyclic-accelerators</subfield>
    </datafield>
    <datafield tag="695" ind1=" " ind2=" ">
        <subfield code="9">INIS</subfield>
        <subfield code="a">elementary-particles</subfield>
    </datafield>
    <datafield tag="695" ind1=" " ind2=" ">
        <subfield code="9">INIS</subfield>
        <subfield code="a">energy-range</subfield>
    </datafield>
    <datafield tag="695" ind1=" " ind2=" ">
        <subfield code="9">INIS</subfield>
        <subfield code="a">field-theories</subfield>
    </datafield>
    <datafield tag="695" ind1=" " ind2=" ">
        <subfield code="9">INIS</subfield>
        <subfield code="a">gev-range</subfield>
    </datafield>
    <datafield tag="695" ind1=" " ind2=" ">
        <subfield code="9">INIS</subfield>
        <subfield code="a">jet-model</subfield>
    </datafield>
    <datafield tag="695" ind1=" " ind2=" ">
        <subfield code="9">INIS</subfield>
        <subfield code="a">k-codes</subfield>
    </datafield>
    <datafield tag="695" ind1=" " ind2=" ">
        <subfield code="9">INIS</subfield>
        <subfield code="a">lep-storage-rings</subfield>
    </datafield>
    <datafield tag="695" ind1=" " ind2=" ">
        <subfield code="9">INIS</subfield>
        <subfield code="a">linear-momentum</subfield>
    </datafield>
    <datafield tag="695" ind1=" " ind2=" ">
        <subfield code="9">INIS</subfield>
        <subfield code="a">massless-particles</subfield>
    </datafield>
    <datafield tag="695" ind1=" " ind2=" ">
        <subfield code="9">INIS</subfield>
        <subfield code="a">mathematical-models</subfield>
    </datafield>
    <datafield tag="695" ind1=" " ind2=" ">
        <subfield code="9">INIS</subfield>
        <subfield code="a">multiple-production</subfield>
    </datafield>
    <datafield tag="695" ind1=" " ind2=" ">
        <subfield code="9">INIS</subfield>
        <subfield code="a">particle-discrimination</subfield>
    </datafield>
    <datafield tag="695" ind1=" " ind2=" ">
        <subfield code="9">INIS</subfield>
        <subfield code="a">particle-identification</subfield>
    </datafield>
    <datafield tag="695" ind1=" " ind2=" ">
        <subfield code="9">INIS</subfield>
        <subfield code="a">particle-models</subfield>
    </datafield>
    <datafield tag="695" ind1=" " ind2=" ">
        <subfield code="9">INIS</subfield>
        <subfield code="a">particle-production</subfield>
    </datafield>
    <datafield tag="695" ind1=" " ind2=" ">
        <subfield code="9">INIS</subfield>
        <subfield code="a">photons-</subfield>
    </datafield>
    <datafield tag="695" ind1=" " ind2=" ">
        <subfield code="9">INIS</subfield>
        <subfield code="a">quantum-chromodynamics</subfield>
    </datafield>
    <datafield tag="695" ind1=" " ind2=" ">
        <subfield code="9">INIS</subfield>
        <subfield code="a">quantum-field-theory</subfield>
    </datafield>
    <datafield tag="695" ind1=" " ind2=" ">
        <subfield code="9">INIS</subfield>
        <subfield code="a">storage-rings</subfield>
    </datafield>
    <datafield tag="695" ind1=" " ind2=" ">
        <subfield code="9">INIS</subfield>
        <subfield code="a">synchrotrons-</subfield>
    </datafield>
    <datafield tag="695" ind1=" " ind2=" ">
        <subfield code="9">INIS</subfield>
        <subfield code="a">transverse-momentum</subfield>
    </datafield>
    <datafield tag="916" ind1=" " ind2=" ">
        <subfield code="s">n</subfield>
        <subfield code="w">200431</subfield>
    </datafield>
    <datafield tag="960" ind1=" " ind2=" ">
        <subfield code="a">14</subfield>
    </datafield>
    <datafield tag="961" ind1=" " ind2=" ">
        <subfield code="c">20100419</subfield>
        <subfield code="h">1112</subfield>
        <subfield code="l">CER01</subfield>
        <subfield code="x">20040730</subfield>
    </datafield>
    <datafield tag="963" ind1=" " ind2=" ">
        <subfield code="a">PUBLIC</subfield>
    </datafield>
    <datafield tag="970" ind1=" " ind2=" ">
        <subfield code="a">002474361CER</subfield>
    </datafield>
    <datafield tag="980" ind1=" " ind2=" ">
        <subfield code="a">ALEPHTHESIS</subfield>
    </datafield>
  </record>