
  <record>
    <controlfield tag="003">SzGeCERN</controlfield>
    <controlfield tag="005">20080521084337.0</controlfield>
    <datafield tag="035" ind1=" " ind2=" ">
        <subfield code="9">SPIRES</subfield>
        <subfield code="a">4066995</subfield>
    </datafield>
    <datafield tag="037" ind1=" " ind2=" ">
        <subfield code="a">CERN-EP-99-060</subfield>
    </datafield>
    <datafield tag="041" ind1=" " ind2=" ">
        <subfield code="a">eng</subfield>
    </datafield>
    <datafield tag="084" ind1=" " ind2=" ">
        <subfield code="2">CERN Library</subfield>
        <subfield code="a">EP-1999-060</subfield>
    </datafield>
    <datafield tag="088" ind1=" " ind2=" ">
        <subfield code="9">SCAN-9910048</subfield>
    </datafield>
    <datafield tag="088" ind1=" " ind2=" ">
        <subfield code="a">CERN-L3-175</subfield>
    </datafield>
    <datafield tag="110" ind1=" " ind2=" ">
        <subfield code="a">CERN. Geneva</subfield>
    </datafield>
    <datafield tag="245" ind1=" " ind2=" ">
        <subfield code="a">Limits on Higgs boson masses from combining the data of the four LEP experiments at $\sqrt{s} \leq 183 GeV$</subfield>
    </datafield>
    <datafield tag="260" ind1=" " ind2=" ">
        <subfield code="c">1999</subfield>
    </datafield>
    <datafield tag="269" ind1=" " ind2=" ">
        <subfield code="a">Geneva</subfield>
        <subfield code="b">CERN</subfield>
        <subfield code="c">26 Apr 1999</subfield>
    </datafield>
    <datafield tag="300" ind1=" " ind2=" ">
        <subfield code="a">18 p</subfield>
    </datafield>
    <datafield tag="490" ind1=" " ind2=" ">
        <subfield code="a">ALEPH Papers</subfield>
    </datafield>
    <datafield tag="500" ind1=" " ind2=" ">
        <subfield code="a">Preprint not submitted to publication</subfield>
    </datafield>
    <datafield tag="595" ind1=" " ind2=" ">
        <subfield code="a">No authors</subfield>
    </datafield>
    <datafield tag="595" ind1=" " ind2=" ">
        <subfield code="a">CERN-EP</subfield>
    </datafield>
    <datafield tag="595" ind1=" " ind2=" ">
        <subfield code="a">OA</subfield>
    </datafield>
    <datafield tag="595" ind1=" " ind2=" ">
        <subfield code="a">SIS:200740 PR/LKR not found (from SLAC, INSPEC)</subfield>
    </datafield>
    <datafield tag="650" ind1="1" ind2="7">
        <subfield code="2">SzGeCERN</subfield>
        <subfield code="a">Particle Physics - Experiment</subfield>
    </datafield>
    <datafield tag="690" ind1="C" ind2=" ">
        <subfield code="a">CERN</subfield>
    </datafield>
    <datafield tag="690" ind1="C" ind2=" ">
        <subfield code="a">PREPRINT</subfield>
    </datafield>
    <datafield tag="693" ind1=" " ind2=" ">
        <subfield code="a">CERN LEP</subfield>
        <subfield code="e">ALEPH</subfield>
    </datafield>
    <datafield tag="693" ind1=" " ind2=" ">
        <subfield code="a">CERN LEP</subfield>
        <subfield code="e">DELPHI</subfield>
    </datafield>
    <datafield tag="693" ind1=" " ind2=" ">
        <subfield code="a">CERN LEP</subfield>
        <subfield code="e">L3</subfield>
    </datafield>
    <datafield tag="693" ind1=" " ind2=" ">
        <subfield code="a">CERN LEP</subfield>
        <subfield code="e">OPAL</subfield>
    </datafield>
    <datafield tag="695" ind1=" " ind2=" ">
        <subfield code="9">MEDLINE</subfield>
        <subfield code="a">searches Higgs bosons</subfield>
    </datafield>
    <datafield tag="697" ind1="C" ind2=" ">
        <subfield code="a">LexiHiggs</subfield>
    </datafield>
    <datafield tag="710" ind1=" " ind2=" ">
        <subfield code="5">EP</subfield>
    </datafield>
    <datafield tag="710" ind1=" " ind2=" ">
        <subfield code="g">ALEPH Collaboration</subfield>
    </datafield>
    <datafield tag="710" ind1=" " ind2=" ">
        <subfield code="g">DELPHI Collaboration</subfield>
    </datafield>
    <datafield tag="710" ind1=" " ind2=" ">
        <subfield code="g">L3 Collaboration</subfield>
    </datafield>
    <datafield tag="710" ind1=" " ind2=" ">
        <subfield code="g">LEP Working Group for Higgs Boson Searches</subfield>
    </datafield>
    <datafield tag="710" ind1=" " ind2=" ">
        <subfield code="g">OPAL Collaboration</subfield>
    </datafield>
    <datafield tag="901" ind1=" " ind2=" ">
        <subfield code="u">CERN</subfield>
    </datafield>
    <datafield tag="916" ind1=" " ind2=" ">
        <subfield code="s">h</subfield>
        <subfield code="w">199941</subfield>
    </datafield>
    <datafield tag="960" ind1=" " ind2=" ">
        <subfield code="a">11</subfield>
    </datafield>
    <datafield tag="963" ind1=" " ind2=" ">
        <subfield code="a">PUBLIC</subfield>
    </datafield>
    <datafield tag="970" ind1=" " ind2=" ">
        <subfield code="a">000330309CER</subfield>
    </datafield>
    <datafield tag="980" ind1=" " ind2=" ">
        <subfield code="a">ARTICLE</subfield>
    </datafield>
  </record>