
  <record>
    <controlfield tag="003">SzGeCERN</controlfield>
    <controlfield tag="005">20080909102446.0</controlfield>
    <datafield tag="035" ind1=" " ind2=" ">
        <subfield code="9">INTINT</subfield>
        <subfield code="a">0000990</subfield>
    </datafield>
    <datafield tag="035" ind1=" " ind2=" ">
        <subfield code="9">WAI01</subfield>
        <subfield code="a">000004764</subfield>
    </datafield>
    <datafield tag="041" ind1=" " ind2=" ">
        <subfield code="a">eng</subfield>
    </datafield>
    <datafield tag="088" ind1=" " ind2=" ">
        <subfield code="a">CERN-ALEPH-95-089</subfield>
    </datafield>
    <datafield tag="088" ind1=" " ind2=" ">
        <subfield code="a">CERN-ALEPH-PHYSIC-95-083</subfield>
    </datafield>
    <datafield tag="088" ind1=" " ind2=" ">
        <subfield code="9">CERN-SL-Note-95-77-BI</subfield>
    </datafield>
    <datafield tag="088" ind1=" " ind2=" ">
        <subfield code="a">SL-Note-95-77-BI</subfield>
    </datafield>
    <datafield tag="110" ind1=" " ind2=" ">
        <subfield code="a">CERN. Geneva</subfield>
    </datafield>
    <datafield tag="245" ind1=" " ind2=" ">
        <subfield code="a">LEP Center-of-Mass Energies in Presence of Opposite Sign Vertical Dispersion in Bunch-Train Operation</subfield>
    </datafield>
    <datafield tag="260" ind1=" " ind2=" ">
        <subfield code="c">1995</subfield>
    </datafield>
    <datafield tag="269" ind1=" " ind2=" ">
        <subfield code="a">Geneva</subfield>
        <subfield code="b">CERN</subfield>
        <subfield code="c">17 Jul 1995</subfield>
    </datafield>
    <datafield tag="300" ind1=" " ind2=" ">
        <subfield code="a">14 p</subfield>
    </datafield>
    <datafield tag="595" ind1=" " ind2=" ">
        <subfield code="a">SIS ALEPH2004</subfield>
    </datafield>
    <datafield tag="595" ind1=" " ind2=" ">
        <subfield code="a">SIS SLNOTE2003</subfield>
    </datafield>
    <datafield tag="650" ind1="1" ind2="7">
        <subfield code="2">SzGeCERN</subfield>
        <subfield code="a">Accelerators and Storage Rings</subfield>
    </datafield>
    <datafield tag="653" ind1="1" ind2=" ">
        <subfield code="9">CERN</subfield>
        <subfield code="a">CERN LEP</subfield>
    </datafield>
    <datafield tag="653" ind1="1" ind2=" ">
        <subfield code="9">CERN</subfield>
        <subfield code="a">beam-energy</subfield>
    </datafield>
    <datafield tag="653" ind1="1" ind2=" ">
        <subfield code="9">CERN</subfield>
        <subfield code="a">bunch-trains</subfield>
    </datafield>
    <datafield tag="691" ind1=" " ind2=" ">
        <subfield code="a">LEP = Large Electron Positron Collider</subfield>
    </datafield>
    <datafield tag="693" ind1=" " ind2=" ">
        <subfield code="a">CERN LEP</subfield>
        <subfield code="e">ALEPH</subfield>
    </datafield>
    <datafield tag="694" ind1=" " ind2=" ">
        <subfield code="9">CERN</subfield>
        <subfield code="a">PHYSIC (PHYSICs)</subfield>
    </datafield>
    <datafield tag="710" ind1=" " ind2=" ">
        <subfield code="g">LEP Energy Working Group</subfield>
    </datafield>
    <datafield tag="710" ind1=" " ind2=" ">
        <subfield code="5">SL</subfield>
    </datafield>
    <datafield tag="710" ind1=" " ind2=" ">
        <subfield code="a">The LEP energy working group</subfield>
    </datafield>
    <datafield tag="852" ind1=" " ind2=" ">
        <subfield code="c">DD506</subfield>
    </datafield>
    <datafield tag="916" ind1=" " ind2=" ">
        <subfield code="s">n</subfield>
        <subfield code="w">200350</subfield>
    </datafield>
    <datafield tag="960" ind1=" " ind2=" ">
        <subfield code="a">04</subfield>
    </datafield>
    <datafield tag="963" ind1=" " ind2=" ">
        <subfield code="a">PUBLIC</subfield>
    </datafield>
    <datafield tag="970" ind1=" " ind2=" ">
        <subfield code="a">000415594CER</subfield>
    </datafield>
    <datafield tag="980" ind1=" " ind2=" ">
        <subfield code="a">NOTE</subfield>
    </datafield>
    <datafield tag="980" ind1=" " ind2=" ">
        <subfield code="a">ALEPHNOTE</subfield>
    </datafield>
  </record>
  <record>
    <controlfield tag="003">SzGeCERN</controlfield>
    <controlfield tag="005">20040304154728.0</controlfield>
    <datafield tag="035" ind1=" " ind2=" ">
        <subfield code="a">0335074CERCER</subfield>
    </datafield>
    <datafield tag="041" ind1=" " ind2=" ">
        <subfield code="a">eng</subfield>
    </datafield>
    <datafield tag="088" ind1=" " ind2=" ">
        <subfield code="a">CERN-PS-PA-Note-93-04</subfield>
    </datafield>
    <datafield tag="088" ind1=" " ind2=" ">
        <subfield code="a">CERN-PS-PA-Note-93-04-PPC</subfield>
    </datafield>
    <datafield tag="260" ind1=" " ind2=" ">
        <subfield code="a">Geneva</subfield>
        <subfield code="b">CERN</subfield>
        <subfield code="c">1993</subfield>
    </datafield>
    <datafield tag="300" ind1=" " ind2=" ">
        <subfield code="a">207 p</subfield>
    </datafield>
    <datafield tag="595" ind1=" " ind2=" ">
        <subfield code="a">gift: Bouthéon, Marcel</subfield>
    </datafield>
    <datafield tag="650" ind1="1" ind2="7">
        <subfield code="2">SzGeCERN</subfield>
        <subfield code="a">Accelerators and Storage Rings</subfield>
    </datafield>
    <datafield tag="650" ind1="2" ind2="7">
        <subfield code="2">SzGeCERN</subfield>
        <subfield code="a">Miscellaneous</subfield>
    </datafield>
    <datafield tag="653" ind1="1" ind2=" ">
        <subfield code="9">CERN</subfield>
        <subfield code="a">East Hall</subfield>
    </datafield>
    <datafield tag="653" ind1="1" ind2=" ">
        <subfield code="9">CERN</subfield>
        <subfield code="a">ISOLDE</subfield>
    </datafield>
    <datafield tag="653" ind1="1" ind2=" ">
        <subfield code="9">CERN</subfield>
        <subfield code="a">antiprotons</subfield>
    </datafield>
    <datafield tag="653" ind1="1" ind2=" ">
        <subfield code="9">CERN</subfield>
        <subfield code="a">heavy ions</subfield>
    </datafield>
    <datafield tag="653" ind1="1" ind2=" ">
        <subfield code="9">CERN</subfield>
        <subfield code="a">proton beams</subfield>
    </datafield>
    <datafield tag="690" ind1="C" ind2=" ">
        <subfield code="a">CERN</subfield>
    </datafield>
    <datafield tag="690" ind1="C" ind2=" ">
        <subfield code="a">CONFERENCE</subfield>
    </datafield>
    <datafield tag="690" ind1="C" ind2=" ">
        <subfield code="a">PROCEEDINGS</subfield>
    </datafield>
    <datafield tag="700" ind1=" " ind2=" ">
        <subfield code="a">Manglunki, Django</subfield>
        <subfield code="e">ed.</subfield>
    </datafield>
    <datafield tag="710" ind1=" " ind2=" ">
        <subfield code="5">PS</subfield>
    </datafield>
    <datafield tag="711" ind1=" " ind2=" ">
        <subfield code="a">PPD '93</subfield>
    </datafield>
    <datafield tag="901" ind1=" " ind2=" ">
        <subfield code="u">CERN</subfield>
    </datafield>
    <datafield tag="916" ind1=" " ind2=" ">
        <subfield code="a">d</subfield>
        <subfield code="s">h</subfield>
        <subfield code="w">199936</subfield>
        <subfield code="y">y1999</subfield>
    </datafield>
    <datafield tag="960" ind1=" " ind2=" ">
        <subfield code="a">42</subfield>
    </datafield>
    <datafield tag="961" ind1=" " ind2=" ">
        <subfield code="c">20091104</subfield>
        <subfield code="h">2203</subfield>
        <subfield code="l">CER01</subfield>
        <subfield code="x">19991117</subfield>
    </datafield>
    <datafield tag="963" ind1=" " ind2=" ">
        <subfield code="a">PUBLIC</subfield>
    </datafield>
    <datafield tag="980" ind1=" " ind2=" ">
        <subfield code="a">PROCEEDINGS</subfield>
    </datafield>
    <datafield tag="964" ind1=" " ind2=" ">
        <subfield code="a">0001</subfield>
    </datafield>
    <datafield tag="970" ind1=" " ind2=" ">
        <subfield code="a">000335074CER</subfield>
    </datafield>
    <datafield tag="980" ind1=" " ind2=" ">
        <subfield code="a">ISOLDENOTE</subfield>
    </datafield>
  </record>