


  <!------------------------------>
<!-- 2. AUTHORITY records     -->
<!------------------------------>

  <!------------------------------------
      AUTHOR Authority Records
  ------------------------------------->
  <record>
    <controlfield tag="003">DLC</controlfield>
    <controlfield tag="005">19951121053638.0</controlfield>
    <datafield tag="035" ind1=" " ind2=" ">
      <subfield code="a">(OCoLC)oca00230701 </subfield>
    </datafield>
    <datafield tag="035" ind1=" " ind2=" ">
      <subfield code="a">AUTHOR|(SzGeCERN)aaa0001</subfield>
    </datafield>
    <datafield tag="100" ind1=" " ind2=" ">
      <subfield code="a">Mann, Thomas</subfield>
      <subfield code="d">1875-1955</subfield>
    </datafield>
    <datafield tag="400" ind1=" " ind2=" ">
      <subfield code="a">Man, Tomas</subfield>
      <subfield code="d">1875-1955</subfield>
    </datafield>
    <datafield tag="400" ind1=" " ind2=" ">
      <subfield code="a">Mann, Tomas</subfield>
      <subfield code="d">1875-1955</subfield>
    </datafield>
    <datafield tag="400" ind1=" " ind2=" ">
      <subfield code="a">Mān, Tūmās</subfield>
      <subfield code="d">1875-1955</subfield>
    </datafield>
    <datafield tag="400" ind1=" " ind2=" ">
      <subfield code="a">Mann, Paul Thomas</subfield>
      <subfield code="d">1875-1955</subfield>
    </datafield>
    <datafield tag="400" ind1=" " ind2=" ">
      <subfield code="a">Thomas, Paul</subfield>
      <subfield code="d">1875-1955</subfield>
    </datafield>
    <datafield tag="400" ind1=" " ind2=" ">
      <subfield code="a">Mani, Tʿomas</subfield>
      <subfield code="d">1875-1955</subfield>
    </datafield>
    <datafield tag="400" ind1=" " ind2=" ">
      <subfield code="a">Man, Tʿomasŭ</subfield>
      <subfield code="d">1875-1955</subfield>
    </datafield>
    <datafield tag="400" ind1=" " ind2=" ">
      <subfield code="a">Mann, Tomasz</subfield>
      <subfield code="d">1875-1955</subfield>
    </datafield>
    <datafield tag="670" ind1=" " ind2=" ">
      <subfield code="a">His Königliche Hoheit, 1909.</subfield>
    </datafield>
    <datafield tag="670" ind1=" " ind2=" ">
      <subfield code="a">Volgina, A.A. Tomas Mann--biobibliogr. ukazatelʹ, 1979:</subfield>
      <subfield code="b">t.p. (Tomas Mann)</subfield>
    </datafield>
    <datafield tag="670" ind1=" " ind2=" ">
      <subfield code="a">Najīb, N. Qiṣṣat al-ajyāl bayna Tūmās Mān wa-Najīb Maħfūẓ, 1982:</subfield>
      <subfield code="b">t.p. (Tūmās Mān)</subfield>
    </datafield>
    <datafield tag="670" ind1=" " ind2=" ">
      <subfield code="a">Vaget, H.R. Thomas Mann-Kommentar zu sämtlichen Erzählungen, c1984:</subfield>
      <subfield code="b">t.p. (Thomas Mann) p. 13, etc. (b. 6-6-1875 in Lübeck as Paul Thomas Mann; used pseud. Paul Thomas as co-editor of student newspaper in 1893; d. 8-12-1955)</subfield>
    </datafield>
    <datafield tag="670" ind1=" " ind2=" ">
      <subfield code="a">Kakabadze, N. Tomas Mann, 1985:</subfield>
      <subfield code="b">t.p. (Tomas Mann) added t.p. (Tʿomas Mani)</subfield>
    </datafield>
    <datafield tag="670" ind1=" " ind2=" ">
      <subfield code="a">Chʿoe, S.B. Tʿomasŭ Man yŏnʾgu, 1981:</subfield>
      <subfield code="b">t.p. (Tʿomasŭ Man)</subfield>
    </datafield>
    <datafield tag="670" ind1=" " ind2=" ">
      <subfield code="a">Łukosz, J. Terapia jako duchowa forma życia, 1990:</subfield>
      <subfield code="b">t.p. (Tomasza Manna)</subfield>
    </datafield>
    <datafield tag="980" ind1=" " ind2=" ">
      <subfield code="a">AUTHORITY</subfield>
    </datafield>
    <datafield tag="980" ind1=" " ind2=" ">
      <subfield code="a">AUTHOR</subfield>
    </datafield>
</record>