
<record>
    <!-- this record is used by INVENIO (regression) tests -->
  <controlfield tag="003">DLC</controlfield>
  <controlfield tag="005">19991204070327.0</controlfield>
  <datafield tag="035" ind1=" " ind2=" ">
    <subfield code="a">AUTHOR|(OCoLC)oca00955355</subfield>
  </datafield>
    <datafield tag="035" ind1=" " ind2=" ">
      <subfield code="a">AUTHOR|(SzGeCERN)aaa0002</subfield>
    </datafield>
    <datafield tag="100" ind1=" " ind2=" ">
      <subfield code="a">Bach, Johann Sebastian</subfield>
      <subfield code="d">1685-1750.</subfield>
      <subfield code="t">Es erhub sich ein Streit</subfield>
    </datafield>
    <datafield tag="400" ind1=" " ind2=" ">
      <subfield code="a">Bach, Johann Sebastian</subfield>
      <subfield code="d">1685-1750.</subfield>
      <subfield code="t">See how fiercely they fight</subfield>
    </datafield>
    <datafield tag="400" ind1=" " ind2=" ">
      <subfield code="a">Bach, Johann Sebastian</subfield>
      <subfield code="d">1685-1750.</subfield>
      <subfield code="t">There uprose a great strife</subfield>
    </datafield>
    <datafield tag="400" ind1=" " ind2=" ">
      <subfield code="a">Bach, Johann Sebastian</subfield>
      <subfield code="d">1685-1750.</subfield>
      <subfield code="t">Cantatas,</subfield>
      <subfield code="n">BWV 19</subfield>
    </datafield>
    <datafield tag="400" ind1=" " ind2=" ">
      <subfield code="a">Bach, Johann Sebastian</subfield>
      <subfield code="d">1685-1750.</subfield>
      <subfield code="t">Cantatas,</subfield>
      <subfield code="n">no. 19</subfield>
    </datafield>
    <datafield tag="400" ind1=" " ind2=" ">
      <subfield code="a">Bach, Johann Sebastian</subfield>
      <subfield code="d">1685-1750.</subfield>
      <subfield code="t">There arose a great strife</subfield>
    </datafield>
    <datafield tag="400" ind1=" " ind2=" ">
      <subfield code="a">Bach, Johann Sebastian</subfield>
      <subfield code="d">1685-1750.</subfield>
      <subfield code="t">Kantate am Michaelisfest</subfield>
      <subfield code="n">BWV 19</subfield>
    </datafield>
    <datafield tag="400" ind1=" " ind2=" ">
      <subfield code="a">Bach, Johann Sebastian</subfield>
      <subfield code="d">1685-1750.</subfield>
      <subfield code="t">Festo Michaelis</subfield>
      <subfield code="n">BWV 19</subfield>
    </datafield>
    <datafield tag="400" ind1=" " ind2=" ">
      <subfield code="a">Bach, Johann Sebastian</subfield>
      <subfield code="d">1685-1750.</subfield>
      <subfield code="t">Kantate zum Michaelistag</subfield>
      <subfield code="n">BWV 19</subfield>
    </datafield>
    <datafield tag="400" ind1=" " ind2=" ">
      <subfield code="a">Bach, Johann Sebastian</subfield>
      <subfield code="d">1685-1750.</subfield>
      <subfield code="t">Cantata for Michaelmas Day</subfield>
      <subfield code="n">BWV 19</subfield>
    </datafield>
    <datafield tag="400" ind1=" " ind2=" ">
      <subfield code="a">Bach, Johann Sebastian</subfield>
      <subfield code="d">1685-1750.</subfield>
      <subfield code="t">Cantate am Michaelisfeste</subfield>
      <subfield code="n">BWV 19</subfield>
    </datafield>
    <datafield tag="670" ind1=" " ind2=" ">
      <subfield code="a">Bach, J.S. BWV 19, Es erhub sich ein Streit [SR] p1988:</subfield>
      <subfield code="b">label (BWV 19, Es erhub sich ein Streit = There arose a great strife)</subfield>
    </datafield>
    <datafield tag="670" ind1=" " ind2=" ">
      <subfield code="a">Schmieder, 1990</subfield>
      <subfield code="b">(19. Es erhub sich ein Streit; Kantate am Michaelisfest (Festo Michaelis))</subfield>
    </datafield>
    <datafield tag="980" ind1=" " ind2=" ">
      <subfield code="a">AUTHORITY</subfield>
    </datafield>
    <datafield tag="980" ind1=" " ind2=" ">
      <subfield code="a">AUTHOR</subfield>
    </datafield>
  </record>