
  <record>
    <!-- this 'DELETED' record is used by INVENIO (regression) tests -->
    <datafield tag="100" ind1=" " ind2=" ">
      <subfield code="a">EllisDeleted, JohnDeleted</subfield>
      <subfield code="d">1946-</subfield>
    </datafield>
    <datafield tag="035" ind1=" " ind2=" ">
      <subfield code="a">AUTHOR|(SzGeCERN)aaa0006</subfield>
    </datafield>
    <datafield tag="980" ind1=" " ind2=" ">
      <subfield code="a">AUTHORITY</subfield>
    </datafield>
    <datafield tag="980" ind1=" " ind2=" ">
      <subfield code="a">AUTHOR</subfield>
    </datafield>
    <datafield tag="980" ind1=" " ind2=" ">
      <subfield code="c">DELETED</subfield>
    </datafield>
  </record>