
  <record>
    <datafield tag="856" ind1="4" ind2=" ">
      <subfield code="u">http://www.cern.ch</subfield>
    </datafield>
    <datafield tag="961" ind1=" " ind2=" ">
      <subfield code="c">2011-01-21</subfield>
    </datafield>
    <datafield tag="961" ind1=" " ind2=" ">
      <subfield code="x">1989-07-16</subfield>
    </datafield>
    <datafield tag="970" ind1=" " ind2=" ">
      <subfield code="a">INST-1147</subfield>
    </datafield>
    <datafield tag="678" ind1="1" ind2=" ">
      <subfield code="a">Conseil européen pour la Recherche Nucléaire (1952-1954)</subfield>
      <subfield code="a">Organisation européenne pour la Recherche nucléaire (1954-now)</subfield>
      <subfield code="a">Sub title: Laboratoire européen pour la Physique des Particules (1984-now)</subfield>
      <subfield code="a">Sub title: European Laboratory for Particle Physics (1984-now)</subfield>
    </datafield>
    <datafield tag="980" ind1=" " ind2=" ">
      <subfield code="b">HEP200</subfield>
      <subfield code="b">LABLIST</subfield>
      <subfield code="b">PDGLIST</subfield>
      <subfield code="b">PPF</subfield>
      <subfield code="b">SLUO</subfield>
      <subfield code="b">TOP050</subfield>
      <subfield code="b">TOP100</subfield>
      <subfield code="b">TOP200</subfield>
      <subfield code="b">TOP500</subfield>
      <subfield code="b">WEB</subfield>
    </datafield>
    <datafield tag="410" ind1=" " ind2=" ">
      <subfield code="9">DESY</subfield>
      <subfield code="a">CERN Geneva</subfield>
    </datafield>
    <datafield tag="410" ind1=" " ind2=" ">
      <subfield code="a">Centre Européen de Recherches Nucléaires</subfield>
      <subfield code="g">center</subfield>
    </datafield>
    <datafield tag="410" ind1=" " ind2=" ">
      <subfield code="a">European Organization for Nuclear Research</subfield>
    </datafield>
    <datafield tag="110" ind1=" " ind2=" ">
      <subfield code="a">CERN</subfield>
      <subfield code="t">CERN</subfield>
      <subfield code="u">CERN</subfield>
    </datafield>
    <datafield tag="371" ind1=" " ind2=" ">
      <subfield code="a">CH-1211 Genève 23</subfield>
      <subfield code="b">Geneva</subfield>
      <subfield code="d">Switzerland</subfield>
      <subfield code="e">1211</subfield>
      <subfield code="g">CH</subfield>
    </datafield>
    <datafield tag="372" ind1=" " ind2=" ">
      <subfield code="a">Research centre</subfield>
    </datafield>
    <datafield tag="680" ind1=" " ind2=" ">
      <subfield code="i">2nd address: Organisation Européenne pour la Recherche Nucléaire (CERN), F-01631 Prévessin Cedex, France</subfield>
    </datafield>
    <datafield tag="690" ind1="C" ind2=" ">
      <subfield code="a">CORE</subfield>
    </datafield>
    <datafield tag="035" ind1=" " ind2=" ">
      <subfield code="a">INSTITUTE|(SzGeCERN)iii0002</subfield>
    </datafield>
    <datafield tag="980" ind1=" " ind2=" ">
      <subfield code="a">AUTHORITY</subfield>
    </datafield>
    <datafield tag="980" ind1=" " ind2=" ">
      <subfield code="a">INSTITUTE</subfield>
    </datafield>
  </record>