
  <!------------------------------------
      SUBJECT Authority Records
  ------------------------------------->
  <record>
    <controlfield tag="005">19891121083347.0</controlfield>
    <datafield tag="035" ind1=" " ind2=" ">
      <subfield code="a">SUBJECT|(DLC)sh 85101653</subfield>
    </datafield>
    <datafield tag="035" ind1=" " ind2=" ">
      <subfield code="a">SUBJECT|(SzGeCERN)sss0001</subfield>
    </datafield>
    <datafield tag="150" ind1=" " ind2=" ">
      <subfield code="a">Physics</subfield>
    </datafield>
    <datafield tag="450" ind1=" " ind2=" ">
      <subfield code="a">Natural philosophy</subfield>
    </datafield>
    <datafield tag="450" ind1=" " ind2=" ">
      <subfield code="a">Philosophy, Natural</subfield>
    </datafield>
    <datafield tag="550" ind1=" " ind2=" ">
      <subfield code="w">g</subfield>
      <subfield code="a">Physical sciences</subfield>
    </datafield>
    <datafield tag="550" ind1=" " ind2=" ">
      <subfield code="a">Dynamics</subfield>
    </datafield>
    <datafield tag="980" ind1=" " ind2=" ">
      <subfield code="a">AUTHORITY</subfield>
    </datafield>
    <datafield tag="980" ind1=" " ind2=" ">
      <subfield code="a">SUBJECT</subfield>
    </datafield>
  </record>