
  <record>
    <controlfield tag="003">DLC</controlfield>
    <controlfield tag="005">20010904160459.0</controlfield>
    <datafield tag="035" ind1=" " ind2=" ">
      <subfield code="a">SUBJECT|(SzGeCERN)sss0003</subfield>
    </datafield>
    <datafield tag="150" ind1=" " ind2=" ">
      <subfield code="a">Computer crimes</subfield>
    </datafield>
    <datafield tag="450" ind1=" " ind2=" ">
      <subfield code="a">Computer fraud</subfield>
    </datafield>
    <datafield tag="450" ind1=" " ind2=" ">
      <subfield code="a">Computers</subfield>
      <subfield code="x">Law and legislation</subfield>
      <subfield code="x">Criminal provisions</subfield>
    </datafield>
    <datafield tag="450" ind1=" " ind2=" ">
      <subfield code="a">Computers and crime</subfield>
    </datafield>
    <datafield tag="450" ind1=" " ind2=" ">
      <subfield code="a">Cyber crimes</subfield>
    </datafield>
    <datafield tag="450" ind1=" " ind2=" ">
      <subfield code="a">Cybercrimes</subfield>
    </datafield>
    <datafield tag="450" ind1=" " ind2=" ">
      <subfield code="a">Electronic crimes (Computer crimes)</subfield>
    </datafield>
    <datafield tag="550" ind1=" " ind2=" ">
      <subfield code="w">g</subfield>
      <subfield code="a">Crime</subfield>
    </datafield>
    <datafield tag="550" ind1=" " ind2=" ">
      <subfield code="a">Privacy, Right of</subfield>
    </datafield>
    <datafield tag="670" ind1=" " ind2=" ">
      <subfield code="a">00351496: Adamski, A. Prawo kame komputerowe, c2000.</subfield>
    </datafield>
    <datafield tag="670" ind1=" " ind2=" ">
      <subfield code="a">Excite WWW directory of subjects, July 10, 2001</subfield>
      <subfield code="b">(cybercrimes; subcategory under Criminal, Branches of law, Law, Education)</subfield>
    </datafield>
    <datafield tag="670" ind1=" " ind2=" ">
      <subfield code="a">Electronic crime needs assessment for state and local law enforcement, 2001:</subfield>
      <subfield code="b">glossary, p. 41 (electronic crime includes but is not limited to fraud, theft, forgery, child pornography or exploitation, stalking, traditional white-collar crimes, privacy violations, illegal drug transactions, espionage, computer intrusions; no synonyms given)</subfield>
    </datafield>
    <datafield tag="980" ind1=" " ind2=" ">
      <subfield code="a">AUTHORITY</subfield>
    </datafield>
    <datafield tag="980" ind1=" " ind2=" ">
      <subfield code="a">SUBJECT</subfield>
    </datafield>
  </record>