

<!------------------------------------------------------------------->
<!-- 3. Linked BIBLIOGRAPHIC AND AUTHORITY records from Jülich     -->
<!------------------------------------------------------------------->

  <!----------------------------
       BIBLIOGRAPHIC records
  ----------------------------->
  <record>
    <datafield tag="100" ind1=" " ind2=" ">
      <subfield code="0">PER:749</subfield>
      <subfield code="a">Kilian, K.</subfield>
      <subfield code="b">0</subfield>
      <subfield code="g">fzj</subfield>
    </datafield>
    <datafield tag="245" ind1=" " ind2=" ">
      <subfield code="a">Other ways to make polarized antiproton beams</subfield>
    </datafield>
    <datafield tag="260" ind1=" " ind2=" ">
      <subfield code="c">2010</subfield>
    </datafield>
    <datafield tag="300" ind1=" " ind2=" ">
      <subfield code="a">107</subfield>
    </datafield>
    <datafield tag="440" ind1=" " ind2="0">
      <subfield code="0">6697</subfield>
      <subfield code="a">Verhandlungen der Deutschen Physikalischen Gesellschaft (Reihe 06)</subfield>
      <subfield code="v">2</subfield>
    </datafield>
    <datafield tag="500" ind1=" " ind2=" ">
      <subfield code="3">Journal Article</subfield>
    </datafield>
    <datafield tag="700" ind1=" " ind2=" ">
      <subfield code="0">PER:513</subfield>
      <subfield code="a">Grzonka, D.</subfield>
      <subfield code="b">1</subfield>
      <subfield code="g">fzj</subfield>
    </datafield>
    <datafield tag="700" ind1=" " ind2=" ">
      <subfield code="0">PER:1182</subfield>
      <subfield code="a">Oelert, W.</subfield>
      <subfield code="b">2</subfield>
      <subfield code="g">fzj</subfield>
    </datafield>
    <datafield tag="773" ind1=" " ind2=" ">
      <subfield code="0">--NOT MATCHED--</subfield>
      <subfield code="g">Vol. 2</subfield>
      <subfield code="q">2:&lt;</subfield>
      <subfield code="v">2</subfield>
      <subfield code="y">2010</subfield>
    </datafield>
    <datafield tag="913" ind1=" " ind2=" ">
      <subfield code="0">GRANT:413</subfield>
      <subfield code="k">P53</subfield>
      <subfield code="s">Struktur der Materie der Materie</subfield>
      <subfield code="v">Physik der Hadronen und Kerne</subfield>
    </datafield>
    <datafield tag="914" ind1=" " ind2=" ">
      <subfield code="y">2010</subfield>
    </datafield>
    <datafield tag="920" ind1=" " ind2=" ">
      <subfield code="0">INSTITUTE|(DE-Juel1)795</subfield>
      <subfield code="g">IKP</subfield>
      <subfield code="k">IKP-1</subfield>
      <subfield code="v">Experimentelle Hadronstruktur</subfield>
    </datafield>
    <datafield tag="970" ind1=" " ind2=" ">
      <subfield code="a">VDB:126525</subfield>
    </datafield>
    <datafield tag="980" ind1=" " ind2=" ">
      <subfield code="a">VDB</subfield>
    </datafield>
  </record>