

  <!----------------------------
       AUTHORITY records
  ----------------------------->

  <record>
    <datafield tag="035" ind1=" " ind2=" ">
      <subfield code="a">INSTITUTE|(DE-Juel1)5008462-8</subfield>
    </datafield>
    <datafield tag="110" ind1=" " ind2=" ">
      <subfield code="a">Forschungszentrum Jülich</subfield>
    </datafield>
    <datafield tag="410" ind1=" " ind2=" ">
      <subfield code="a">Energieforschungszentrum Jülich</subfield>
    </datafield>
    <datafield tag="410" ind1=" " ind2=" ">
      <subfield code="a">KFA</subfield>
    </datafield>
    <datafield tag="410" ind1=" " ind2=" ">
      <subfield code="a">Research Centre Jülich</subfield>
    </datafield>
    <datafield tag="410" ind1=" " ind2=" ">
      <subfield code="a">KFA Jülich</subfield>
    </datafield>
    <datafield tag="410" ind1=" " ind2=" ">
      <subfield code="a">FZJ</subfield>
    </datafield>
    <datafield tag="510" ind1=" " ind2=" ">
      <subfield code="w">a</subfield>
      <subfield code="a">Kernforschungsanlage Jülich</subfield>
    </datafield>
    <datafield tag="980" ind1=" " ind2=" ">
      <subfield code="a">INSTITUTE</subfield>
    </datafield>
    <datafield tag="980" ind1=" " ind2=" ">
      <subfield code="a">AUTHORITY</subfield>
    </datafield>
  </record>