

  <record>
    <datafield tag="024" ind1="7" ind2=" ">
      <subfield code="0">(DE-Juel1)788</subfield>
      <subfield code="2">INST</subfield>
    </datafield>
    <datafield tag="035" ind1=" " ind2=" ">
      <subfield code="a">INSTITUTE|(DE-Juel1)788</subfield>
    </datafield>
    <datafield tag="110" ind1=" " ind2=" ">
      <subfield code="a">Mikrostrukturforschung</subfield>
    </datafield>
    <datafield tag="410" ind1=" " ind2=" ">
      <subfield code="a">IFF-8</subfield>
      <subfield code="w">d</subfield>
    </datafield>
    <datafield tag="510" ind1=" " ind2=" ">
      <subfield code="4">INSTITUTE|(DE-Juel1)241</subfield>
      <subfield code="2">INST</subfield>
      <subfield code="a">IFF</subfield>
      <subfield code="w">g</subfield>
    </datafield>
    <datafield tag="510" ind1=" " ind2=" ">
      <subfield code="4">INSTITUTE|(DE-Juel1)37</subfield>
      <subfield code="2">INST</subfield>
      <subfield code="a">Mikrostrukturforschung</subfield>
      <subfield code="w">a</subfield>
    </datafield>
    <datafield tag="970" ind1=" " ind2=" ">
      <subfield code="a">(DE-Juel1)788</subfield>
    </datafield>
    <datafield tag="980" ind1=" " ind2=" ">
      <subfield code="a">INSTITUTE</subfield>
    </datafield>
    <datafield tag="980" ind1=" " ind2=" ">
      <subfield code="a">AUTHORITY</subfield>
    </datafield>
  </record>